3224 5212
170 573 272 633 1380.
439 585 1054 637 nnunornrnronnrnsnuunnunnsle.
1255 576 1316 636 165

166 763 281 820 suum,
291 742 352 808 vin
361 743 402 809 de
413 764 451 809 eo
461 743 548 828 quod
560 745 647 809 idern
657 745 681 808 J
682 743 731 808 oh.
738 743 752 828 j
766 744 870 809 vicem
882 745 1046 830 elongavit
1054 765 1089 811 se
1098 745 1133 810 in
1144 745 1318 830 virg.quer.

166 829 245 915 [sic]
258 836 292 894 et
303 831 326 913 ij
339 831 426 897 vices
437 832 473 895 in
487 831 620 896 salmon.
634 831 778 914 capiend.
790 831 861 896 sine
871 831 981 897 licenc.
994 839 1030 897 et
1043 834 1083 898 de
1099 832 1316 898 fractbstelli.

216 917 401 983 Surnwvm
446 918 498 982 De
520 918 595 983 Joh.
620 919 660 983 de
686 918 852 982 Thomton
876 939 935 1003 pro
956 920 971 1003 j
998 927 1207 1003 purprestura
1232 921 1317 984 faeta

166 1005 264 1087 apud
287 1004 505 1082 Monkesmer,
519 1013 553 1069 et
570 1006 754 1087 injunctum
777 1011 827 1070 est
848 1005 953 1070 eidem
975 1006 1061 1090 qnod
1083 1006 1197 1091 reponi
1217 1006 1317 1071 faciat

166 1090 274 1175 praed.
290 1099 448 1176 purprest.
464 1093 546 1157 citra
560 1113 649 1176 prox.
667 1112 744 1169 cur,
760 1093 822 1156 sub
835 1113 933 1177 poena
948 1093 982 1156 xl
991 1093 1021 1158 d.

215 1179 454 1245 Brnnvnennn.
499 1179 580 1244 Dies
609 1180 705 1244 datus
734 1186 784 1244 est
812 1179 887 1245 Joh.
913 1179 1080 1264 Miryman
1109 1180 1149 1244 ad
1180 1180 1317 1246 faciend.

166 1263 280 1348 legem
296 1287 388 1330 suern
403 1267 444 1330 ad
470 1287 559 1351 prox.
574 1287 638 1332 cur.
654 1286 728 1330 curn
740 1267 773 1349 vj
790 1287 898 1342 manu,
913 1267 953 1332 de
969 1288 1006 1331 ec
1022 1267 1108 1350 quod
1123 1287 1188 1332 non
1203 1267 1316 1352 impig-

167 1352 306 1415 noravit
318 1354 377 1435 xiij
394 1374 489 1418 aucas
511 1355 546 1418 in
569 1374 635 1418 una
657 1352 760 1428 domo,
776 1358 809 1417 et
831 1354 867 1418 in
888 1353 945 1417 illa
967 1355 1062 1418 domo
1077 1356 1210 1419 fuerunt
1224 1361 1316 1418 mort.

165 1459 271 1502 cauea
297 1440 533 1523 pignoracionis
555 1441 708 1523 ejusdem,
731 1440 760 1503 si
781 1440 939 1505 etc-De
953 1441 1103 1506 omnibus
1125 1442 1206 1506 bras.
1221 1442 1317 1519 villae,

166 1526 251 1608 quie
273 1527 449 1592 noluerunt
471 1527 609 1592 vendere
631 1527 741 1593 cervis.
763 1535 855 1592 extra
876 1528 987 1592 domos
1010 1549 1112 1612 quum
1133 1528 1317 1594 habuerunt

166 1612 267 1690 infra,
283 1619 318 1677 et
339 1615 486 1679 vendunt
507 1615 606 1679 alicui
628 1621 662 1679 et
683 1613 781 1678 alicui
801 1636 867 1679 non
883 1615 982 1679 --de
1003 1615 1150 1699 quolibet
1171 1637 1217 1679 xx
1227 1636 1260 1694 s,
1275 1637 1316 1682 ex

166 1701 281 1783 gracia
297 1700 355 1782 xiij
366 1721 389 1765 s.
404 1702 452 1785 iiij
463 1701 492 1764 d.

216 1787 365 1852 Coenon
398 1788 1316 1866 GilbertusMonk,Rob.WodroffLitilsteven,Gilbertus

167 1873 261 1957 Boys
276 1881 356 1938 sunt
377 1896 563 1940 communes
579 1875 736 1942 volatores
753 1875 943 1953 volatilium,
959 1883 992 1940 et
1013 1875 1149 1960 injunct.
1166 1883 1215 1940 est
1237 1876 1314 1940 eisd.

167 1960 261 2043 quod
276 1982 344 2024 non
358 1963 502 2027 vendant
516 1961 626 2046 aliqua
639 1964 786 2029 volatilia
799 1971 973 2047 antequam
988 1963 1138 2027 dominus
1150 1984 1188 2027 es
1199 1964 1317 2028 refuta-

167 2048 267 2124 verit,
283 2049 345 2112 sub
366 2069 462 2132 poena
484 2050 526 2113 di.
541 2051 852 2135 marcae.-Injunct.
867 2057 918 2114 est
939 2070 1023 2114 omn.
1038 2057 1102 2113 ten.
1118 2050 1213 2126 villae,
1229 2050 1317 2134 quod

168 2134 286 2198 nullus
302 2156 411 2199 eorum
428 2144 599 2201 exerceant
620 2138 762 2221 aliquam
778 2138 866 2201 viam
880 2136 966 2200 ultra
985 2135 1016 2200 lc
1031 2137 1127 2214 Park,
1141 2137 1202 2201 sub
1220 2157 1318 2221 poene

168 2221 206 2284 xl
215 2222 371 2286 d.-Joh.
386 2224 413 2287 F
414 2231 533 2287 creater
548 2224 726 2290 conductus
741 2232 791 2290 est
805 2225 846 2288 ad
861 2224 1018 2288 serviend.
1030 2224 1217 2289 communit.
1232 2223 1317 2288 villae

167 2308 205 2371 in
222 2308 330 2372 officio
344 2310 488 2393 ponderi,
503 2311 584 2394 perj
601 2333 662 2389 an,
676 2320 709 2376 et
723 2312 856 2376 habebit
870 2332 915 2374 xx
924 2331 947 2374 s.
963 2331 1022 2395 pro
1036 2312 1192 2376 mercede.
1207 2348 1220 2359 -
1236 2347 1249 2360 ·
1263 2349 1308 2361 --

213 2395 367 2460 Dnnron.
415 2397 624 2481 compertum
646 2405 696 2462 est
717 2420 775 2483 per
792 2400 865 2482 jur,
879 2398 967 2481 quod
988 2398 1144 2480 Marjoria
1166 2419 1239 2481 quae
1253 2395 1318 2462 fuit

168 2502 255 2546 uxor
266 2483 290 2546 J
291 2484 341 2546 oh.
353 2484 498 2560 Dauson,
510 2485 596 2569 quod
608 2486 622 2568 (
645 2487 651 2499 '
665 2487 678 2568 )
690 2486 912 2550 accomodavit
922 2485 945 2549 J
946 2485 997 2548 oh.
1007 2485 1050 2548 fil.
1060 2485 1083 2549 J
1085 2485 1134 2549 oh.
1145 2485 1280 2549 Dauson
1292 2486 1315 2569 ij

168 2569 272 2634 boves
284 2571 325 2634 ad
340 2573 507 2636 amovend.
523 2579 556 2636 et
566 2573 749 2637 removend.
763 2574 776 2656 j
794 2573 973 2657 plaustrum
989 2578 1023 2636 et
1037 2572 1190 2636 utensilia
1201 2573 1316 2636 domus

168 2656 205 2719 in
222 2663 335 2722 arrest.
346 2658 480 2735 domini,
494 2666 528 2722 et
543 2680 580 2723 ea
595 2660 691 2722 duxit
705 2661 745 2724 sd
762 2659 923 2743 Suthwyk
938 2659 978 2723 ad
994 2659 1126 2722 domum
1141 2660 1164 2723 J
1166 2658 1216 2723 oh.
1233 2658 1315 2722 Reid

169 2743 213 2806 ad
229 2743 345 2808 valenc
360 2767 404 2808 xx
414 2766 447 2822 s,
462 2767 534 2829 quse
556 2746 642 2810 bona
664 2753 697 2810 et
719 2746 836 2810 catalla
852 2747 959 2830 posite
972 2746 1104 2809 luerunt
1118 2746 1154 2808 in
1169 2745 1317 2809 custodia

168 2830 306 2894 Thomae
317 2831 388 2894 firm
400 2832 487 2908 ibid,
498 2832 565 2897 Ric.
576 2833 672 2897 vicar.
685 2842 718 2897 et
729 2835 752 2897 J
753 2834 803 2897 oh.
817 2833 937 2912 Smith3
952 2832 1024 2897 ideo
1037 2838 1210 2896 onerentur
1219 2831 1315 2915 praed.

170 2916 244 2981 Ric.
257 2917 368 2982 Thom.
381 2927 414 2983 et
425 2921 447 2983 J
449 2919 498 2983 oh.
533 2920 577 2982 Et
588 2920 629 2984 de
640 2921 736 3004 praed.
748 2919 912 3002 Marjoria,
924 2919 1000 3002 quia
1011 2919 1175 3003 praemisse
1187 2918 1266 2983 fecit
1280 2918 1315 2981 in

169 3004 352 3088 dampnum
367 3005 492 3069 domini
506 3005 541 3069 in
556 3007 713 3071 fractione
727 3009 841 3071 erresti
855 3007 915 3082 eui,
930 3006 972 3070 di.
987 3026 1110 3070 marcae.

215 3091 401 3156 Hnsmnnn.
449 3093 587 3158 Thomas
609 3093 768 3158 Marshall
790 3114 815 3158 e.
836 3094 849 3174 j
870 3093 963 3157 bond.
978 3092 1037 3156 ult.
1053 3093 1089 3155 in
1103 3098 1167 3156 ten.
1184 3091 1258 3156 Joh.
1275 3090 1316 3155 de

170 3177 337 3261 Reynton,
352 3179 515 3263 quondam
530 3186 632 3244 vocat.
650 3181 867 3259 Benetsland;
888 3179 960 3244 hab.
976 3179 1018 3243 ad
1040 3184 1130 3243 term.
1149 3179 1181 3263 vj
1207 3198 1267 3255 en,
1287 3178 1316 3242 si

169 3265 256 3328 dom.
269 3264 435 3349 placuerit,
447 3267 533 3331 redd.
544 3287 574 3350 p.
590 3288 617 3331 a.
633 3287 712 3332 scae.
726 3289 770 3330 xx
780 3287 803 3331 e.
816 3272 849 3331 et
864 3272 983 3350 argent.
995 3272 1068 3330 terr.
1086 3304 1098 3314 -
1117 3304 1130 3315 ·
1145 3273 1179 3329 et
1189 3265 1317 3330 invenit

170 3373 193 3414 v
209 3372 255 3415 ec.
271 3352 356 3416 binae
378 3374 505 3430 arrurae,
521 3361 554 3417 et
568 3354 616 3437 iiij
633 3375 677 3418 oc.
693 3355 791 3418 unius
811 3374 936 3429 arrurae,
950 3373 1031 3436 quas
1053 3354 1100 3417 sio
1115 3353 1268 3430 dimittet,
1283 3360 1317 3416 et

171 3438 276 3502 eciam
295 3441 417 3523 recepit
438 3441 474 3503 in
497 3441 594 3504 stuffo
609 3461 631 3504 v
646 3461 690 3504 ao.
708 3441 873 3518 frumenti,
886 3441 921 3524 iij
946 3459 992 3505 ac.
1010 3445 1043 3505 et
1058 3440 1099 3503 di.
1121 3440 1217 3517 ordei,
1232 3459 1315 3523 prec.

171 3546 217 3589 ac.
229 3527 262 3609 vj
275 3546 298 3589 s.
310 3527 366 3609 viij
379 3527 420 3603 d.,
431 3527 478 3610 iiij
491 3548 537 3592 ac.
550 3535 583 3591 et
592 3528 733 3611 pisarum
746 3537 780 3592 et
793 3548 978 3603 avenarum,
989 3547 1072 3610 pree.
1086 3547 1130 3590 ac.
1143 3527 1191 3610 iiij
1202 3546 1241 3605 s.;
1255 3527 1314 3589 fac.

170 3612 256 3676 dom.
270 3619 304 3676 et
318 3613 378 3677 vic.
390 3621 460 3691 etc,
471 3621 504 3679 et
518 3615 620 3680 eciam
636 3617 722 3699 cepit
736 3615 759 3698 ij
776 3616 884 3691 boves,
894 3634 976 3697 prec.
993 3635 1038 3676 xx
1048 3635 1081 3691 s,
1093 3614 1150 3696 etj
1167 3634 1215 3696 eq.
1231 3633 1314 3694 pree.

171 3697 296 3783 [blank]
312 3708 346 3762 et
360 3701 461 3764 eciam
477 3702 563 3786 cepit
581 3702 595 3784 j
612 3708 672 3765 cot
688 3703 723 3764 ix
743 3722 788 3766 ac.
804 3708 859 3765 ter.
875 3701 934 3764 ult.
950 3701 983 3763 in
1007 3708 1122 3764 tenura
1136 3699 1159 3763 J
1161 3699 1210 3762 oh.
1226 3699 1315 3762 Mar-

171 3786 258 3850 shall
269 3809 278 3866 ;
302 3787 375 3850 hab.
390 3788 432 3852 ad
458 3794 549 3853 term.
566 3789 598 3872 vj
623 3809 683 3865 an,
698 3788 784 3854 redd.
799 3795 896 3872 prout
917 3786 1013 3871 praed.
1034 3787 1108 3851 Joh.
1124 3791 1215 3868 pater
1236 3805 1316 3849 suus

171 3873 263 3955 prius
289 3873 439 3950 reddidit,
457 3881 491 3938 et
514 3875 659 3940 inveniet
682 3875 717 3958 iij
729 3896 752 3940 r.
776 3875 870 3939 trinae
892 3895 1028 3953 arrurae;
1061 3881 1094 3937 et
1111 3872 1231 3953 ¹domus
1254 3879 1315 3936 cot.

173 3960 252 4022 dum
268 3960 400 4024 fuerunt
414 3962 484 4045 [sic]
500 3963 536 4024 in
550 3969 614 4026 ten.
631 3963 673 4026 Is.
689 3961 867 4026 Marschall
881 3969 915 4027 et
929 3961 992 4024 viri
1008 3960 1068 4036 sui,
1082 3959 1317 4023 deteriorantur

171 4045 212 4109 ad
228 4046 351 4111 valeuc.
364 4069 407 4110 xx
418 4069 452 4125 s,
464 4055 560 4131 prout
574 4056 775 4132 compertum
791 4054 840 4113 est
854 4069 912 4133 per
922 4049 984 4132 jur.

219 4227 311 4286 1380.
328 4223 536 4307 Ill-Apud
552 4225 659 4287 Hebn.
669 4224 721 4288 die
736 4225 837 4288 Lunae
852 4245 941 4307 prox.
954 4231 1030 4288 ante
1045 4223 1116 4287 fest.
1130 4224 1204 4287 Pur.
1217 4222 1253 4285 B.
1267 4220 1313 4284 M.

174 4309 327 4409 Virginis,
340 4330 447 4374 corum
461 4312 545 4376 dom.
558 4311 580 4373 J
582 4311 631 4374 oh.
645 4311 685 4375 de
701 4312 896 4395 Beryngton,
908 4316 981 4374 terr.
999 4318 1032 4375 et
1047 4310 1169 4373 Thema
1184 4309 1224 4372 de
1241 4308 1318 4373 Cor·

174 4395 464 4547 bulillldlnrdsnnnn.
511 4484 701 4567 Injunctum
739 4493 789 4549 est
825 4485 976 4548 omnibus
1011 4492 1075 4548 ten.
1106 4481 1201 4558 villae,
1232 4479 1319 4565 quod

176 4568 287 4634 nullus
304 4591 414 4635 eorum
430 4578 563 4634 teneant
578 4571 760 4655 leporarios,
775 4593 832 4654 pro
847 4572 1010 4655 leporibus
1026 4569 1199 4654 capiendis.
