3224 5212
293 553 353 611 146
546 560 705 610 mauors
720 559 902 609 emeremus
917 560 1159 610 pernumerem.
1337 547 1433 607 1378.

291 721 327 784 xl
338 720 446 804 d.-vj
457 719 586 784 d.-De
608 719 738 784 domiuo
760 718 928 784 Willelmo
950 718 1116 802 capellano
1137 717 1219 802 [aad
1241 717 1352 800 others]
1375 738 1434 801 pro

292 815 388 872 trans.
405 808 491 872 facta
512 808 548 870 in
570 807 601 871 le
624 807 723 890 Hopp
739 806 778 870 de
801 806 907 890 damp.
930 811 964 870 et
985 804 1434 870 mercia-xxd-Dimissio

292 894 658 976 molend-Margareta
684 894 724 957 de
745 893 860 976 Iomly
875 899 909 957 et
930 893 998 957 Rio.
1024 892 1066 956 de
1090 891 1257 955 Hertlawc
1279 898 1435 976 oeperunt

292 982 430 1045 molend.
443 981 484 1045 dc
498 982 714 1065 Wyvestowe‚
724 980 795 1044 hab.
812 989 845 1044 et
868 991 932 1044 teu
955 1015 968 1028 -
992 1015 1005 1027 -
1029 979 1070 1043 ad
1085 987 1174 1042 term
1192 979 1292 1042 trium
1307 1001 1357 1043 an
1381 1015 1394 1027 ·
1418 1017 1433 1025 -

292 1069 377 1134 redd
395 1090 424 1152 p.
441 1091 467 1132 a.
483 1069 527 1153 xij
541 1069 574 1132 li.
591 1068 648 1150 xiij
662 1087 686 1132 s.
701 1067 748 1151 iiij
762 1066 791 1132 d.
815 1103 828 1115 -
851 1103 925 1115 --

337 1157 489 1220 Hlarus.
534 1155 726 1239 Injunctum
748 1163 798 1218 est
820 1153 970 1217 omnibns
992 1159 1056 1217 ten.
1072 1152 1168 1228 villae,
1186 1152 1274 1236 quod
1294 1155 1434 1236 reparari

291 1243 413 1306 faciant
428 1249 578 1325 stagnum
595 1241 730 1305 molend.
747 1241 786 1305 de
801 1241 1017 1324 Wyveaowe,
1028 1240 1166 1324 quilibet
1187 1259 1246 1323 pro
1260 1248 1350 1324 parte
1364 1261 1434 1318 sua,

293 1330 353 1393 sub
369 1349 465 1412 poena
480 1351 525 1392 xx
535 1349 568 1405 s.,
584 1330 665 1392 citra
679 1329 751 1392 fest.
768 1327 843 1392 Nat.
866 1328 961 1392 Dom.
977 1348 1065 1411 prox.
1081 1327 1139 1389 fut

338 1416 494 1480 Soflnuns.
538 1416 589 1480 De
604 1415 679 1480 Joh.
696 1415 792 1480 Clerk
815 1435 874 1498 pro
896 1414 1028 1478 cultello
1050 1433 1109 1479 suo
1132 1418 1276 1479 extracto
1298 1415 1339 1478 ad
1359 1435 1433 1498 per-

292 1503 449 1566 cussiend.
473 1503 582 1567 Adam
597 1502 637 1566 de
654 1503 783 1578 Birden,
795 1503 829 1565 xl
838 1502 868 1566 d.
912 1501 999 1586 [Two
1013 1503 1099 1566 other
1112 1502 1197 1584 fiaes
1209 1501 1321 1585 follow
1335 1504 1434 1585 qftbe

290 1611 374 1654 suom
389 1597 519 1654 emanat
525 1591 585 1672 for
598 1589 727 1652 sentitur
740 1589 885 1672 offerrem]

336 1677 566 1741 Esrurvrrou.
611 1677 844 1740 Praesentutum
861 1682 910 1740 est
932 1696 989 1758 per
1000 1676 1064 1758 jur,
1079 1676 1166 1759 quod
1181 1676 1204 1739 J
1206 1676 1255 1739 oh.
1273 1675 1377 1759 Swyft
1392 1676 1433 1740 de

293 1765 472 1849 Hougbton
487 1766 577 1828 venit
591 1771 760 1828 noctanter
774 1771 808 1827 et
823 1764 920 1846 fregit
941 1763 1071 1839 fuldam,
1087 1784 1154 1848 cap.
1166 1764 1180 1846 j
1197 1782 1315 1845 equum
1339 1770 1433 1826 extra

292 1852 368 1914 fald.
395 1858 491 1936 prout
516 1857 718 1934 compertum
748 1851 1086 1914 est—Praesentatum
1110 1857 1160 1915 est
1181 1870 1239 1933 per
1259 1870 1433 1913 messorem

292 1939 378 2022 quod
393 1939 623 2022 impignoravit
637 1939 674 2000 lx
689 1937 834 2001 bidentes
850 1936 872 2001 J
874 1937 923 2001 ola
936 1937 1006 2001 Lile
1020 1943 1102 2019 capt.
1119 1938 1211 2001 infra
1222 1937 1280 2020 pis.
1293 1946 1326 2000 ct
1341 1957 1431 2001 aven.

291 2025 377 2088 infra
391 2025 421 2089 le
438 2024 644 2107 Marlhough,
659 2024 732 2089 ideo
747 2024 865 2088 attach.
881 2024 921 2087 ad
937 2025 1083 2108 respond.
1099 2025 1141 2088 ad
1155 2024 1288 2088 liberam
1301 2025 1431 2087 curiam.

292 2113 527 2194 —lnjunctum
551 2111 720 2194 praeposito
742 2110 829 2194 quod
851 2111 1001 2175 arrestari
1023 2111 1122 2174 faciat
1144 2131 1255 2175 omnes
1276 2118 1433 2193 ponentes

293 2200 376 2260 serra
405 2219 593 2262 carucarum
622 2199 659 2261 in
689 2201 786 2273 fonte,
816 2197 1054 2261 immaculando
1083 2199 1181 2282 praed.
1211 2199 1341 2274 sontem,
1371 2199 1433 2262 sub

293 2305 388 2366 poena
410 2285 445 2347 xl
467 2285 734 2368 d.-Injunctum
763 2289 814 2348 est
836 2284 986 2349 omnibus
1008 2291 1072 2348 ten.
1099 2285 1186 2349 villae
1208 2285 1294 2368 quod
1319 2285 1432 2349 nullus

292 2391 403 2434 eorum
419 2373 610 2455 permittant
633 2371 779 2436 bidentes
802 2371 990 2436 conculcare
1005 2372 1089 2437 blad
1104 2373 1164 2437 vic.
1180 2392 1239 2436 nec
1260 2372 1383 2436 intrare
1397 2373 1433 2435 in

293 2464 426 2540 pastura
441 2459 570 2534 bovum,
586 2459 647 2522 sub
664 2478 760 2540 poena
775 2459 810 2522 xl
820 2459 848 2522 d
859 2497 904 2508 -

335 2545 602 2610 Wusrulvrvrorv.
647 2545 727 2608 Dies
739 2547 801 2628 jur.
818 2545 888 2630 [sic]
903 2545 998 2610 istius
1013 2544 1101 2608 villae
1116 2545 1204 2628 quod
1218 2544 1386 2628 inquirant
1400 2552 1434 2610 et

292 2639 489 2714 praesentent
503 2634 531 2696 si
545 2632 793 2716 Joh.Hu11tyng
808 2641 842 2696 et
853 2632 973 2696 Cecilia
987 2652 1069 2696 uxor
1084 2633 1154 2716 ejus
1165 2633 1347 2697 verberavit
1361 2633 1432 2716 [sie]

291 2720 507 2802 Margaretam
522 2720 663 2803 Wydou,
673 2720 727 2783 vel
742 2719 870 2796 nomed
884 2740 972 2803 prox.
989 2739 1063 2795 cun,
1074 2720 1135 2783 sub
1149 2739 1245 2802 poena
1254 2720 1295 2783 di.
1308 2741 1433 2784 marcae.

291 2807 396 2870 -De
421 2807 444 2870 J
446 2807 494 2870 oh.
523 2807 686 2890 Huntyng
706 2807 785 2890 quia
810 2827 876 2870 non
901 2805 1072 2870 claudebat
1098 2807 1238 2870 frontem
1261 2826 1353 2870 suam
1376 2828 1435 2890 per

291 2894 377 2976 quod
403 2895 511 2957 averia
535 2894 640 2977 ipsius
662 2893 865 2957 conculcavit
886 2899 919 2957 et
939 2892 1122 2957 devastavit
1144 2894 1214 2978 [sic]
1237 2893 1324 2958 olera
1345 2895 1433 2958 Mar-

291 2985 408 3063 garetae
423 2981 576 3045 Widovve.

335 3068 559 3131 Moassnlwn.
598 3068 788 3150 Injunctum
803 3071 853 3130 est
863 3066 953 3131 Will.
969 3067 1116 3142 Tomson,
1126 3068 1212 3150 quod
1228 3067 1326 3131 arrari
1336 3068 1434 3132 faciat

291 3163 325 3217 et
340 3155 477 3218 seminet
498 3175 597 3217 unam
620 3155 745 3237 peciam
767 3161 823 3217 ter.
839 3174 912 3238 quae
927 3154 1072 3218 continet
1086 3154 1122 3217 in
1136 3153 1220 3236 long.
1236 3154 1272 3216 lx
1286 3155 1384 3238 pedes
1400 3163 1433 3218 et

290 3240 326 3302 in
341 3239 396 3303 lat.
413 3241 448 3302 xl
462 3241 560 3323 pedes
575 3242 656 3304 citra
678 3262 765 3324 prox.
783 3261 846 3305 cur.
863 3242 925 3304 sub
939 3261 1035 3324 poena
1051 3240 1085 3304 xl
1096 3241 1125 3305 d.
1136 3279 1178 3290 -
1192 3241 1285 3324 [Tte's
1300 3243 1390 3305 order
1403 3243 1433 3304 e's

290 3327 433 3407 repeated
447 3334 482 3389 at
497 3329 546 3389 tte
560 3336 630 3390 neat
646 3329 746 3411 tura]

336 3413 576 3477 Prrrvnororvs.
622 3414 673 3477 Dc
688 3415 762 3479 Joh.
784 3413 824 3477 de
847 3414 932 3496 Fery
945 3413 1023 3498 quia
1044 3414 1192 3478 vendidit
1213 3434 1312 3479 unam
1334 3415 1433 3478 ollam

292 3519 406 3562 aeream
423 3501 566 3564 cervisiae
581 3507 664 3564 cont.
679 3501 715 3584 iij
736 3501 797 3584 lag.
820 3501 929 3564 minus
947 3501 961 3584 j
985 3501 1103 3584 potell.,
1121 3507 1218 3584 prout
1232 3509 1432 3586 compertum

292 3595 350 3662 est,
366 3587 406 3650 de
420 3586 587 3669 m'ia-vj
601 3587 630 3650 d.
675 3587 727 3651 De
747 3587 888 3651 Matilda
905 3589 945 3652 de
957 3588 1106 3652 Howden
1120 3589 1198 3671 quia
1218 3589 1324 3652 noluit
1341 3609 1431 3653 acco-

291 3675 420 3738 modare
435 3674 508 3739 lect
524 3675 565 3739 ad
580 3673 678 3737 halm.
694 3675 814 3738 Prioris
831 3681 928 3756 prout
949 3681 1179 3758 praesentatum
1197 3695 1255 3758 per
1270 3695 1430 3740 cursorem

291 3763 423 3825 scacarii
444 3761 480 3824 in
510 3761 671 3844 cun-vj
682 3761 767 3825 (1.-
783 3761 974 3843 Injunctum
998 3766 1048 3826 est
1072 3761 1222 3826 omnibus
1247 3767 1312 3826 ten.
1336 3762 1433 3838 villae,

290 3849 376 3930 quod
391 3849 502 3914 nullus
517 3870 628 3914 eorum
643 3854 753 3913 emant
768 3848 935 3913 cervisiam
951 3847 1030 3912 alibi
1045 3868 1143 3931 quam
1158 3849 1199 3912 ad
1214 3849 1295 3912 bras.
1311 3849 1432 3914 Prioris

290 3937 350 3998 sub
365 3957 462 4018 poena
476 3957 532 4001 xs.

334 4022 516 4086 Humanum
539 4024 591 4087 De
601 4023 857 4088 DiotaWebster
866 4020 989 4086 seniore
998 4027 1031 4085 et
1041 4021 1296 4087 DiotaWebster
1300 4022 1432 4107 juniore

290 4106 369 4190 [aad
377 4111 459 4189 four
472 4110 584 4193 others]
599 4130 657 4192 pro
678 4111 755 4192 leyr.
772 4109 806 4192 iij
820 4129 843 4172 a
890 4108 1098 4192 Compertum
1120 4115 1170 4172 est
1191 4130 1248 4193 per
1265 4111 1329 4192 jur.
1344 4110 1432 4194 quod

289 4195 433 4276 custagia
444 4215 516 4276 quae
527 4196 665 4259 Thomas
676 4196 730 4259 del
739 4196 849 4261 Olossa
864 4195 973 4278 posuit
984 4215 1081 4278 super
1092 4196 1226 4260 aedificia
1238 4195 1352 4261 domus
1364 4218 1432 4262 suae

282 4300 323 4343 se
333 4281 480 4345 extendit
489 4282 530 4345 ((1
539 4303 560 4344 ν
571 4302 594 4346 s.
604 4283 661 4366 viij
673 4283 702 4346 d.
715 4289 831 4364 praeter
841 4284 898 4366 xiij
909 4282 939 4347 d.
953 4302 1033 4365 quos
1045 4282 1125 4346 dicit
1133 4303 1168 4347 se
1178 4284 1324 4367 posuisse
1332 4284 1432 4364 ultra3

288 4368 363 4431 etin
376 4387 452 4432 casu
462 4368 547 4452 quod
558 4369 776 4452 carpentarius
786 4378 819 4433 et
827 4369 896 4451 ipse
908 4370 1022 4433 volunt
1029 4369 1138 4450 jurare
1148 4370 1235 4453 quod
1243 4371 1313 4454 ipse
1322 4372 1432 4454 posuit

287 4455 383 4538 praed.
399 4455 456 4539 xiij
474 4455 503 4519 d.
519 4475 615 4539 super
630 4456 764 4520 aedificia
779 4456 874 4540 praed.
891 4456 1013 4532 domus,
1028 4456 1147 4520 habeat
1160 4456 1396 4522 allocacionem.

330 4542 478 4608 Damon.
524 4544 715 4626 Injunctum
729 4549 781 4608 est
800 4543 950 4608 omnibus
972 4547 1036 4608 ten
1052 4543 1139 4608 villae
1154 4564 1191 4609 ac
1206 4545 1307 4609 eciam
1324 4545 1430 4608 firma·
