3278 5204
289 541 329 602 90
550 550 1155 600 nlnuornrmossrusnuumnuusrs.
1333 539 1435 600 1370.

334 714 426 775 1370.
471 759 477 774 .
502 759 509 774 .
533 759 540 774 .
563 710 595 794 [“
605 709 733 774 Primus
748 708 1069 775 Halmot'1370’'in
1083 708 1184 793 dorso]
1201 708 1434 774 Halmotorum

287 797 446 881 incipiens
461 796 548 880 apud
568 797 675 860 Heb’n
696 796 749 861 die
771 795 887 860 Martis
909 817 997 880 pron
1012 801 1087 880 post
1108 797 1228 860 festum
1250 796 1280 860 S.
1296 795 1435 859 Math’ae

288 884 438 970 Apostoli
452 904 538 948 enno
552 883 688 947 Domini
701 884 937 966 septuagesimo
951 903 1058 948 coram
1073 883 1212 948 dominis
1223 883 1247 948 J
1247 881 1375 947 ohanne
1389 883 1435 946 de

289 970 547 1056 Hemyngburgh
575 970 715 1047 terrario,
744 969 895 1035 Johenne
924 970 964 1036 de
993 971 1180 1056 Beryngton
1212 969 1365 1046 burserio,
1394 975 1433 1033 et

288 1059 412 1124 Thoma
426 1057 589 1142 [Surteys]
603 1055 784 1121 senescallo.

332 1147 568 1210 Wuurrorou.
612 1143 805 1208 Ordinatum
821 1148 870 1208 est
891 1161 931 1207 ex
952 1143 1117 1208 communi
1138 1161 1271 1207 assensu
1293 1142 1372 1225 [two
1395 1163 1434 1206 or

288 1231 499 1318 three,words
510 1229 622 1311 nearly
632 1230 756 1313 erased]
768 1229 855 1314 quod
867 1229 977 1294 nullus
992 1251 1103 1294 eorum
1114 1229 1258 1294 vendant
1273 1228 1343 1312 [sic]
1356 1228 1433 1292 bad'

290 1319 374 1403 [cido
394 1318 558 1400 Ducange‚
572 1317 628 1380 nu
641 1337 707 1380 coco
721 1316 872 1402 “beda'']
895 1318 957 1382 sub
978 1323 1097 1382 terram
1117 1317 1187 1381 sine
1208 1315 1343 1380 licencia
1365 1321 1432 1379 ter-

290 1405 366 1467 rarii
380 1403 434 1466 vel
446 1403 592 1467 bursarii.

334 1491 535 1554 Hnwoeuns.
581 1489 771 1573 Injunctum
800 1495 850 1554 est
878 1489 1028 1554 omnibus
1054 1489 1240 1555 tenentibus
1266 1487 1306 1552 de
1329 1487 1432 1552 Ouer-

290 1577 448 1642 storth
463 1582 496 1641 et
510 1575 805 1641 Nethsr-Heworth
820 1576 907 1660 quod
920 1577 1020 1662 repar
1035 1577 1094 1641 fec’
1109 1581 1293 1640 tenemento
1308 1593 1374 1638 sua.
1385 1613 1433 1623 —

291 1663 482 1748 Injunctum
507 1669 558 1728 est
583 1663 733 1727 omnibus
759 1663 945 1728 tenentibus
971 1662 1059 1727 villae
1082 1663 1168 1746 quod
1192 1662 1325 1726 videant
1347 1662 1433 1724 ours'

291 1771 448 1834 equarum
461 1749 545 1814 infra
559 1750 662 1833 camp'
677 1750 817 1814 ourrenc'
829 1755 862 1814 et
877 1750 918 1814 ad
932 1750 1080 1834 praesent'
1091 1749 1132 1814 ad
1146 1769 1234 1832 prox.
1245 1750 1432 1830 inquorum

291 1838 454 1904 defectum
473 1843 558 1902 terra
577 1837 767 1902 emendatur
789 1842 822 1900 et
843 1836 930 1920 quod
951 1837 1109 1902 emender'
1130 1836 1188 1901 fac
1207 1837 1287 1900 citra
1309 1835 1434 1898 festum
1479 1871 1480 1874 =

292 1925 323 2010 [“
333 1926 363 1990 S.
380 1923 551 1988 Michaelis
560 1924 576 1951 ’³
591 1925 695 1987 cmlv
708 1924 775 2007 oct]
790 1924 998 1988 Invenoionis
1013 1929 1133 1988 sanctae
1149 1923 1259 1987 Crucis
1275 1922 1371 2005 [May
1388 1921 1432 2004 3].

292 2049 336 2058 -
348 2012 537 2094 Injunotum
550 2015 601 2074 est
615 2009 764 2074 omnibus
781 2011 967 2075 tenentibus
982 2010 1134 2074 villarum
1148 2008 1235 2092 quod
1255 2028 1322 2072 non
1335 2007 1432 2071 vend’

292 2097 389 2162 blada
409 2095 588 2161 crescencio
609 2103 843 2180 superterram
865 2097 916 2162 vel
939 2097 1082 2180 aliquam
1107 2102 1231 2180 partem
1257 2093 1434 2159 eorundem

293 2203 358 2267 prae
370 2182 519 2247 manibus
534 2182 599 2246 nisi
608 2183 719 2247 liceno'
730 2183 905 2248 habuerint
919 2183 958 2247 de
972 2183 1113 2260 terrario,
1124 2184 1185 2247 sub
1198 2203 1294 2265 poena
1306 2181 1380 2245 lod
1388 2219 1435 2266 ε-

292 2269 483 2353 Injunctum
503 2272 552 2332 est
567 2270 716 2333 omnibus
731 2271 918 2334 tenentibus
932 2269 1020 2334 villae
1040 2270 1128 2353 quod
1149 2268 1288 2353 reparari
1308 2267 1434 2332 faciant

293 2375 497 2421 communem
512 2355 647 2438 forgiam
662 2362 695 2420 et
710 2377 914 2421 communem
929 2357 1069 2422 furnum.

337 2443 486 2506 dluowu.
530 2441 610 2506 Dies
622 2443 716 2506 dotus
731 2449 781 2508 est
795 2444 924 2508 Thomas
935 2443 1066 2508 Allison
1077 2443 1119 2507 ed
1134 2441 1318 2506 faciendum
1328 2439 1435 2524 legem

294 2550 387 2594 suam
408 2547 521 2593 versus
542 2528 745 2593 Willelmum
767 2530 922 2594 Tailliour
943 2531 983 2594 de
1007 2531 1124 2595 Hilton
1146 2529 1186 2594 de
1204 2528 1344 2612 eoquod
1367 2548 1435 2591 non

294 2617 371 2700 freg’
386 2616 416 2681 ei
431 2615 582 2680 oonveno'
597 2616 683 2680 inter
696 2617 783 2700 ipsos
797 2617 871 2681 fect'
887 2618 927 2682 de
942 2617 1128 2682 dimissione
1150 2623 1306 2680 terrarum
1327 2615 1435 2696 ipsius

294 2703 454 2767 Willelmi
467 2703 503 2766 in
517 2703 541 2767 J
542 2723 619 2766 erou
633 2703 686 2767 hic
701 2723 804 2786 usque
818 2703 860 2767 ad
874 2705 963 2787 prox’
978 2724 1053 2768 oum
1067 2704 1100 2786 vj
1116 2723 1223 2767 manu.
1267 2704 1311 2766 Et
1329 2701 1435 2765 scien-

295 2790 374 2854 dum
388 2790 475 2874 quod
488 2789 674 2853 Willelmus
696 2790 737 2854 de
758 2790 879 2854 Reiseli
901 2790 1032 2854 devenit
1052 2790 1134 2875 plag.
1157 2789 1260 2873 ipsius
1274 2787 1435 2852 Willelmi

296 2878 338 2943 de
373 2878 442 2942 ros'.

337 2898 548 3028 {inunum
603 2962 654 3026 De
679 2962 816 3028 Ricardo
841 2962 908 3026 filio
933 2963 1024 3047 Regi
1048 2983 1106 3047 pro
1135 2983 1202 3027 una
1229 2966 1439 3046 purprestura

294 3051 381 3116 fecte
395 3051 482 3135 apud
497 3047 691 3114 Hildallecln
704 3086 746 3096 -
757 3050 781 3114 J
782 3049 925 3114 ohannes
940 3050 1052 3115 Carter
1066 3050 1156 3114 venit
1170 3055 1204 3113 et
1224 3049 1311 3131 cepit
1332 3067 1437 3110 unum

294 3137 668 3220 ..

295 3245 373 3372 zeitae
388 3327 471 3370 suae:
492 3243 794 3406 reddsloleisolcuasrioop.
809 3243 919 3374 popei&
935 3244 969 3374 ep
989 3243 1135 3375 {latericio
1156 3242 1318 3394 [Eeozeraa”
1332 3271 1438 3371 stmoelc

297 3393 442 3474 tlsrostpt]
466 3399 499 3456 et
521 3399 655 3476 ant1que
680 3396 816 3460 servicia
838 3402 871 3462 et
892 3417 1004 3480 opera:
1034 3396 1218 3481 incipiendo
1245 3395 1368 3460 solvere
1394 3394 1437 3457 ad

296 3481 416 3544 festum
431 3479 522 3542 Pent’
538 3499 622 3544 anno
637 3487 695 3546 etc.
712 3482 817 3567 lxxij0.
862 3483 948 3568 Pleg.
965 3521 977 3532 -
994 3519 1007 3532 -
1029 3483 1182 3549 Gres’m'a
1205 3482 1296 3546 lod:
1317 3480 1436 3545 condo-

297 3571 400 3631 natur.
410 3604 454 3614 —
463 3565 555 3630 Idem
567 3567 589 3630 J
591 3567 732 3633 ohannes
747 3570 834 3653 cepit
845 3591 948 3634 unum
960 3571 1121 3655 cotegium
1133 3575 1166 3634 et
1176 3570 1231 3653 xvj
1244 3588 1333 3632 acras
1344 3574 1438 3631 terrae

295 3654 412 3719 ultimo
427 3653 462 3717 in
477 3661 592 3718 tenura
605 3655 752 3737 praedicti
766 3656 897 3721 Ricardi
911 3657 1030 3722 Geme:
1053 3656 1189 3722 habend'
1204 3661 1238 3720 et
1251 3654 1380 3719 tenend'
1396 3653 1438 3717 ad

295 3749 386 3807 term.
406 3741 484 3806 vitae
505 3762 589 3806 suae:
610 3741 696 3805 redd.
720 3744 877 3808 scaccario
897 3764 929 3827 p.
945 3764 971 3808 a
990 3749 1063 3821 lde,
1078 3748 1112 3808 et
1132 3741 1279 3807 faciendo
1302 3741 1438 3824 ant-iqua

296 3851 391 3915 opera
416 3834 451 3893 et
475 3829 584 3893 debita
606 3828 757 3893 servicia:
778 3829 963 3913 incipiendo
986 3830 1109 3896 solvere
1130 3829 1172 3894 ad
1193 3829 1314 3892 festum
1336 3828 1439 3904 Pent’‚

297 3937 381 3981 anno
407 3923 465 3979 etc.
488 3916 592 3999 lxxij0.
637 3915 724 4000 Pleg.
740 3953 754 3964 -
770 3953 782 3964 -
799 3916 952 3980 Gres’m’e
974 3917 1064 3981 lod:
1086 3914 1438 3982 condonatur—Dies

297 4003 391 4065 datus
413 4005 463 4064 est
484 4001 813 4085 ThomaeWytouson
835 4003 876 4067 ad
898 4003 1081 4068 faciendum
1103 4003 1207 4087 legem
1230 4021 1323 4066 suam
1338 3999 1379 4064 de
1401 4021 1439 4064 eo

296 4086 1318 4256 tet]tletlldssedtl‘f‘tlelltdtlt{dits
1328 4088 1439 4238 lle:

296 4259 541 4342 —Injunctum
571 4264 621 4322 est
649 4258 793 4324 Johanni
819 4198 973 4340 Halknalf),
1003 4263 1138 4348 Hugoni
1167 4195 1317 4344 11θὲἰῖῃῦ
1318 4258 1441 4324 ohanni

296 4347 364 4412 filio
379 4345 509 4409 Thomae
531 4344 675 4423 Dausou
690 4347 830 4412 Roberto
851 4349 917 4413 filio
932 4350 1023 4427 Adae,
1045 4355 1078 4414 et
1099 4349 1261 4432 Marjoriae
1275 4347 1441 4430 quondam

295 4434 389 4499 uxori
411 4431 543 4496 Boberti
569 4433 687 4510 Carter,
711 4434 788 4518 quia
811 4437 969 4500 executor'
994 4436 1142 4521 praedicti
1163 4433 1296 4499 Roberti
1319 4434 1440 4509 Oarten

296 4523 383 4606 quod
404 4519 553 4585 evacuari
574 4520 695 4584 faciant
716 4520 748 4586 le
769 4522 897 4605 Ebyere
918 4524 1000 4588 citra
1020 4525 1140 4588 festum
1163 4520 1293 4586 Paschae
1315 4521 1352 4584 in
1374 4541 1440 4604 quo
