3224 5212
300 547 359 608 174
560 561 1170 611 nrnnornrmomrusnonnunquam.
1343 551 1448 609 1382.

299 717 404 782 Alicio
433 719 612 804 Herynger‚
635 719 724 785 Will.
748 719 939 797 Fleshewer‚
964 720 1052 784 Will.
1079 721 1241 797 Littestcr,
1263 720 1339 804 quia
1369 741 1448 784 non

297 814 456 869 venerunt
471 806 511 870 ad
527 806 658 870 curiam.

340 892 463 958 Aoum.
509 893 704 958 Ordinatum
730 900 845 958 estex
873 913 1005 958 assensu
1028 893 1112 958 dom.
1137 901 1171 958 et
1193 895 1447 958 communitatis

298 979 392 1057 sillae,
407 980 494 1064 quod
516 981 628 1044 nullus
650 987 715 1045 ten.
732 980 814 1044 dom.
831 980 919 1044 villae
941 981 982 1046 da
996 980 1101 1064 Acley
1120 989 1270 1064 procuret
1291 983 1370 1045 alios
1398 983 1447 1045 de

297 1066 370 1132 aliis
385 1067 473 1131 villis
496 1067 537 1131 ad
556 1067 703 1132 veniend.
727 1067 814 1130 infra
833 1067 947 1131 villam
968 1089 1026 1151 pro
1050 1067 1134 1132 malo
1156 1069 1309 1144 faciendo,
1324 1069 1376 1131 vel
1396 1070 1447 1131 ad

297 1154 533 1238 procurandum
555 1155 697 1238 aliquem
721 1162 913 1218 extraneum
939 1162 1050 1218 contra
1076 1155 1218 1238 aliquem
1246 1156 1447 1231 vicinorum,

297 1251 390 1306 nocte
399 1241 453 1306 vel
464 1242 525 1317 die,
535 1242 596 1305 sub
606 1261 701 1324 poena
713 1261 769 1318 cs,
778 1241 921 1305 solvend.
931 1249 989 1305 eto.
1025 1242 1216 1324 Injunctum
1226 1249 1275 1306 est
1284 1245 1446 1306 omnibus

297 1335 361 1394 ten.
385 1328 481 1405 villae,
503 1326 590 1412 quod
618 1327 728 1392 nullus
751 1349 862 1393 eorum
891 1329 1083 1411 permittant
1105 1329 1214 1411 aliqua
1243 1331 1348 1393 averia
1374 1351 1448 1392 sua

296 1415 416 1478 intrare
430 1415 464 1478 in
480 1415 511 1478 le
527 1415 697 1492 Frithield,
712 1416 776 1479 nisi
791 1415 900 1479 averia
914 1416 1086 1492 trahentia,
1097 1423 1173 1480 ante
1188 1417 1258 1480 lest.
1275 1417 1304 1481 S.
1320 1417 1448 1494 Marci,

296 1502 358 1565 sub
372 1521 468 1584 poena
482 1502 517 1565 di
531 1521 655 1577 marcae,
672 1502 813 1567 solvend.
830 1509 889 1567 etc.

339 1589 486 1652 Bornos.
532 1587 583 1654 De
614 1589 736 1653 Thoma
766 1590 896 1664 Casson,
918 1588 1064 1653 Waltero
1094 1589 1134 1653 de
1164 1591 1288 1654 Bieulw
1317 1591 1447 1654 herede

294 1674 425 1740 Thomae
437 1677 558 1752 Surtas,
569 1675 692 1739 Thoma
703 1677 743 1740 de
755 1676 892 1752 Bordon,
903 1676 1061 1740 Katerina
1072 1676 1112 1741 de
1123 1677 1268 1760 Ingelby,
1280 1679 1355 1761 quia
1368 1699 1446 1741 non

294 1768 454 1827 venerunt
469 1763 510 1826 ad
525 1762 647 1827 curiam
662 1763 685 1845 ij
697 1783 720 1826 s.
737 1764 769 1846 vj
783 1763 812 1827 d.
857 1763 1011 1828 Attccted
1026 1770 1056 1826 to
1071 1764 1119 1826 ra
1141 1765 1202 1827 roll
1223 1767 1447 1848 oppositathis

293 1857 433 1932 cotenon
447 1871 469 1914 a
477 1851 664 1933 parchment
680 1850 757 1914 labo!
772 1853 800 1914 c's
815 1851 864 1913 tte
871 1850 1039 1933 following]
1053 1856 1125 1913 ecrit
1134 1852 1211 1915 :-J
1212 1853 1353 1916 ohannes
1370 1854 1446 1917 Dei

292 1939 396 2019 gratia
410 1937 590 2021 Episcopus
605 1938 757 2001 Dunelm.
774 1937 910 2001 Ballivis
927 1938 1046 2001 Prioris
1061 1938 1213 2002 Dunelm.
1228 1939 1269 2002 de
1292 1940 1446 2017 Burdon,

293 2024 445 2088 Salutem.
492 2024 576 2102 Quia
586 2045 644 2107 per
659 2043 829 2088 commune
844 2024 1016 2088 consilium
1030 2026 1121 2108 regni
1132 2025 1259 2109 Angliae
1268 2028 1445 2109 provisum

293 2111 443 2194 estquod
459 2111 596 2194 quilibet
612 2111 693 2174 liber
708 2112 804 2175 homo
820 2112 877 2194 qui
900 2119 1020 2174 sectam
1035 2113 1131 2175 debet
1147 2114 1188 2176 ad
1210 2115 1331 2176 curiam
1347 2115 1442 2179 dom.

293 2197 345 2260 sui
359 2197 460 2261 libere
471 2199 573 2280 possit
585 2198 689 2262 facere
700 2205 900 2262 attornatum
911 2219 1008 2262 suum
1023 2197 1064 2261 ad
1078 2207 1200 2262 sectam
1216 2200 1305 2263 illam
1320 2221 1379 2284 pro
1395 2223 1443 2264 eo

292 2284 483 2360 faciendam,
504 2284 597 2348 vobis
619 2286 819 2362 mandamus,
835 2285 922 2369 quod
944 2291 1125 2348 attornatus
1146 2307 1243 2369 quem
1265 2288 1444 2364 Katerina,

292 2389 366 2453 quae
389 2371 453 2434 fuit
476 2391 558 2433 uxor
580 2371 711 2435 Thomae
733 2373 773 2436 de
796 2373 933 2456 Ingelby
956 2372 1117 2448 Chivaler‚
1143 2394 1200 2456 per
1224 2375 1333 2437 literas
1356 2395 1444 2438 suas

291 2464 439 2541 patentes
454 2458 524 2521 loco
539 2478 598 2521 suo
614 2466 775 2524 attornare
786 2459 926 2523 voluerit
941 2460 982 2522 ad
998 2467 1118 2522 sectam
1130 2480 1188 2543 pro
1204 2481 1237 2525 se
1252 2462 1442 2526 faciendam

291 2545 332 2607 ad
348 2545 478 2621 curiam,
494 2545 589 2628 praed.
606 2545 734 2622 Prioris,
748 2546 789 2610 de
810 2547 939 2610 Burden
963 2547 1033 2609 sine
1055 2546 1245 2611 difficultate
1259 2549 1440 2630 recipiatis

290 2633 415 2696 Datum
432 2632 584 2696 Dunelm.
607 2653 666 2715 per
685 2654 819 2696 manum
841 2634 991 2717 Hugonis
1007 2633 1046 2696 de
1062 2633 1231 2718 Wastwyk
1249 2636 1442 2699 cancellarii

291 2721 402 2796 nostri,
417 2720 487 2802 xiiij
504 2719 557 2783 die
572 2721 595 2784 J
597 2720 730 2795 anuarii,
742 2740 828 2783 anno
842 2729 930 2803 pont.
947 2720 1050 2783 nostri
1064 2723 1212 2786 secundo.

334 2808 580 2871 Wmnrsnnun.
625 2808 677 2870 De
701 2809 724 2872 J
725 2807 775 2872 oh.
791 2807 844 2870 del
871 2809 951 2870 Raw
965 2807 1042 2890 quia
1066 2808 1152 2890 cepit
1172 2809 1185 2890 j
1207 2830 1326 2892 equum
1342 2810 1439 2873 Petri

290 2893 344 2957 del
359 2894 539 2978 Redhough
554 2894 589 2956 in
604 2914 718 2976 campo
733 2894 773 2956 de
790 2893 1008 2970 Walleshend‚
1023 2899 1057 2956 et
1071 2896 1180 2976 posuit
1194 2896 1229 2958 in
1241 2897 1329 2959 felda
1343 2899 1438 2980 apud

292 2981 427 3056 Benton‚
443 2981 484 3044 ad
499 2982 605 3062 damp.
622 2981 723 3064 ipsius
739 2979 828 3044 Petri
842 2981 866 3064 ij
877 2982 918 3058 d.,
932 2982 973 3045 de
988 2979 1063 3043 m'ia
1077 2981 1110 3063 vj
1123 2982 1152 3046 d.

335 3069 518 3133 Hnsrnnnn.
563 3067 758 3131 Ordinatum
774 3075 823 3131 est
838 3069 873 3131 in
888 3068 978 3132 curia
992 3067 1079 3151 quod
1094 3069 1254 3133 Robertus
1270 3070 1435 3135 firmarius

290 3156 402 3219 veniat
413 3155 454 3218 ad
466 3154 599 3238 forgiam
611 3153 699 3217 villeo
711 3154 856 3237 qualibet
870 3155 1058 3239 septimana,
1070 3155 1083 3237 j
1095 3156 1157 3233 die,
1168 3177 1225 3239 pro
1237 3157 1329 3221 ferris
1339 3179 1434 3220 caru-

290 3262 400 3305 carum
422 3241 579 3323 ponendis
602 3247 635 3304 et
657 3242 830 3306 acouandis
845 3251 879 3307 et
893 3243 966 3307 aliis
985 3244 1174 3307 necessariis
1190 3245 1352 3320 faciendis,
1368 3246 1432 3309 viz.

291 3329 344 3391 die
359 3327 522 3390 Mercurii.

334 3414 537 3477 Mosnsnaw.
582 3415 634 3478 De
648 3414 738 3478 Will.
755 3415 832 3480 Scot
854 3416 931 3498 quia
945 3417 1115 3481 maledixit
1134 3417 1299 3481 Andream
1314 3418 1432 3482 theker

289 3502 324 3564 in
337 3503 424 3564 curia
434 3500 468 3562 in
480 3499 736 3583 presenciadom.
750 3503 870 3566 Prioris
879 3512 912 3567 et
924 3503 1107 3580 Senescalli,
1119 3504 1165 3588 xij
1176 3505 1205 3569 d.
1236 3505 1430 3588 Injunctum

289 3595 338 3653 est
353 3587 443 3651 Will.
459 3587 551 3651 Scott
564 3588 651 3672 quod
665 3589 778 3671 reponi
801 3590 900 3654 faciat
914 3590 1057 3656 diversas
1079 3598 1303 3675 purpresturas
1326 3594 1429 3656 factas

288 3676 508 3760 appropriatos
530 3674 571 3739 de
593 3681 651 3740 ter.
674 3676 793 3740 Prioris
816 3677 857 3740 ad
879 3683 935 3741 ter.
960 3678 1099 3742 dominae
1120 3679 1160 3741 de
1184 3679 1324 3744 Olaxton
1347 3681 1430 3744 citra

288 3784 378 3846 prox.
393 3784 469 3840 cun,
483 3763 545 3826 sub
559 3781 656 3846 poena
671 3763 706 3825 xl
718 3762 747 3825 d.

332 3845 485 3913 Mlauns.
530 3850 581 3913 De
602 3849 625 3912 J
627 3849 676 3912 oh.
698 3849 815 3925 Smin,
830 3849 908 3915 Rob.
926 3851 1065 3928 Robson‚
1080 3851 1169 3916 Will.
1193 3853 1289 3936 Bmg,
1304 3854 1427 3917 Thema

290 3935 419 4013 Bullok,
433 3936 508 4000 Joh.
536 3937 575 4000 de
601 3937 721 4012 Eriom,
735 3936 758 3999 J
761 3935 810 4000 oh.
834 3938 958 4014 Duket,
973 3938 1065 4003 Will.
1089 3940 1238 4016 Currour,
1253 3962 1311 4024 pro
1326 3949 1424 4010 trans.
1457 3973 1459 3975 ·

289 4024 375 4087 facta
398 4044 494 4107 super
516 4023 700 4106 Bishoplaw
715 4043 773 4107 per
796 4044 895 4107 equos
911 4030 945 4088 et
967 4032 1109 4090 careotas
1124 4026 1165 4089 ad
1181 4027 1286 4110 damp.
1303 4030 1425 4102 vicarii,

289 4110 346 4192 viij
357 4109 459 4172 thrav.
473 4110 637 4185 frumenti,
649 4116 682 4174 et
694 4111 740 4192 iiij
752 4110 855 4176 thrav.
868 4111 908 4175 de
918 4111 1103 4189 blandoorn,
1115 4120 1211 4195 prout
1223 4123 1425 4198 compertum

287 4204 347 4272 est,
370 4195 410 4259 de
432 4195 578 4278 quolibet
602 4198 635 4279 vj
649 4197 774 4260 d.—De
793 4199 815 4262 J
817 4197 867 4262 oh.
890 4197 1001 4261 Doket
1022 4219 1079 4281 pro
1102 4199 1187 4263 freth
1210 4201 1311 4265 fracto
1333 4222 1390 4285 per
1409 4203 1424 4285 j

288 4303 416 4368 equum,
432 4303 469 4346 eo
484 4283 570 4365 quod
585 4283 691 4346 noluit
714 4291 823 4348 tencre
845 4305 1050 4348 communem
1074 4286 1245 4364 hirsillum,
1261 4289 1302 4351 ad
1317 4289 1423 4372 damp.

288 4373 467 4436 vicinorum
482 4369 538 4451 xvj
552 4369 581 4433 d.

330 4461 478 4522 Damon.
524 4456 714 4539 Injunctum
737 4457 971 4523 molendinario
992 4459 1079 4542 quod
1104 4460 1166 4544 ipsi
1190 4466 1223 4524 et
1246 4462 1423 4526 servientes

289 4547 339 4611 sui
355 4546 422 4610 sint
436 4544 542 4628 parati
559 4543 704 4627 [molere]
720 4545 761 4608 ad
776 4545 963 4610 molendum
979 4546 1075 4611 blada
1091 4555 1154 4612 ten.
1172 4550 1325 4631 quociens
1341 4571 1424 4634 opus
