3110 5220
267 537 307 594 22
526 553 682 601 HALMOTA
698 551 879 600 PRIORATUS
895 553 1134 600 DUNELMENSIS.
1310 541 1403 599 1358.

266 725 358 768 orum
387 708 546 773 condonat
532 716 585 773 tur
621 710 662 774 ad
699 710 764 773 1661
750 716 856 773 turam
885 713 936 772 cot
938 709 1001 792 agii
1030 709 1183 791 praedioti.
1243 709 1330 792 Pleg.
1361 709 1404 771 ad

266 791 401 857 faciend.
442 795 584 860 Domino
599 802 632 860 et
645 797 763 860 vicinis
780 817 852 878 quae
870 795 1120 859 incumbunt--
1175 833 1215 841 —-
1233 796 1402 878 Bonageus

267 878 425 943 Moneour
454 883 544 945 venit
572 883 688 947 hicet
655 883 803 966 etoepit
827 903 929 946 unum
958 903 1033 945 mes.
1061 887 1093 945 et
1122 904 1167 944 xx
1193 903 1280 945 acras
1309 887 1402 945 terrae

267 966 460 1046 quondam
451 990 484 1031 rn
508 974 623 1033 tenura
645 969 775 1033 Ricardi
798 969 837 1032 de
858 968 1009 1032 Auoland
1030 969 1143 1031 vicarii
1169 968 1209 1032 de
1234 969 1297 1031 Pit'
1274 974 1358 1052 tmgt
1359 989 1402 1030 011

267 1071 339 1134 quea
361 1061 463 1136 oaptae
485 1057 619 1119 66111111
640 1077 739 1120 manu
760 1055 894 1118 Domini
916 1075 952 1118 eo
976 1055 1086 1137 quod
1077 1075 1145 1138 rpse
1160 1075 1198 1118 ea
1211 1055 1353 1138 reliquit,
1368 1060 1402 1117 et

267 1137 449 1203 tahernavit
435 1142 533 1205 tsine
554 1143 691 1206 licencia
713 1142 867 1205 Domini:
889 1141 1024 1205 habend.
1049 1146 1081 1204 et
1103 1142 1231 1205 t.enend
1248 1141 1288 1204 ad
1309 1148 1400 1206 term.

267 1225 363 1289 vitae.
385 1227 471 1291 redd.
495 1229 662 1312 antiquam
684 1229 809 1292 firmam
835 1235 868 1291 et
894 1228 1039 1291 faciendo
1065 1229 1206 1291 Domino
1230 1233 1263 1292 et
1283 1228 1401 1291 vicinis

267 1331 339 1394 quae
354 1313 547 1378 incumbunt
560 1336 617 1398 per
631 1315 712 1398 pleg.
725 1317 747 1380 J
749 1315 908 1380 ohannem
920 1313 985 1398 [sic]
1002 1314 1179 1378 Ponchoun
1194 1321 1227 1378 et
1242 1315 1400 1378 Robertus

267 1395 333 1482 [sic]
349 1400 517 1464 Thomson.
563 1403 606 1464 Et
620 1403 676 1465 dat
662 1407 747 1484 tpro
762 1403 840 1485 gers’
842 1421 895 1464 ma
913 1407 977 1465 136
994 1401 1043 1464 ld

311 1484 521 1552 Wonv1sron.
566 1489 617 1551 De
640 1489 727 1552 Fair-
728 1488 818 1552 John
840 1508 897 1570 pro
918 1488 1133 1551 convencione
1155 1487 1257 1551 fracta
1278 1487 1400 1551 Thonra

267 1570 327 1633 11111
356 1573 517 1636 Willelmi
545 1580 578 1638 et
607 1574 679 1638 aliis
710 1574 749 1638 de
780 1575 1021 1638 Communitate
1050 1573 1137 1638 villae
1167 1595 1232 1637 non
1258 1574 1400 1638 solvend.

266 1659 387 1740 pastori
408 1659 444 1722 in
458 1667 588 1743 pastura
611 1661 664 1725 del
685 1663 816 1724 Neuton
838 1661 976 1744 stipend.
999 1681 1056 1743 pro
1078 1661 1194 1724 averiis
1217 1660 1283 1724 suis
1305 1668 1402 1744 prout

267 1747 457 1810 convenitur
482 1749 566 1812 inter
591 1747 698 1831 ipsum
728 1752 760 1811 et
785 1747 859 1810 illos
886 1747 927 1810 ad
949 1747 1126 1829 dampnum
1152 1748 1402 1812 communitatis

269 1835 311 1895 66.
330 1833 378 1896 8d.
395 1839 491 1917 prout
506 1840 705 1917 compertum
728 1839 777 1898 661
791 1855 847 1916 661
865 1836 1022 1916 juratores
1038 1833 1151 1917 inquo
1170 1855 1203 1898 se
1225 1841 1402 1917 posuerunt

267 1917 306 1982 de
322 1919 538 1985 misericordia
554 1922 605 1986 4d.

309 2006 533 2072 Bracmanum.
579 2008 733 2084 Quadam
748 2007 895 2071 clausura
917 2027 989 2090 quae
1004 2012 1136 2070 vocatur
1155 2007 1401 2070 Bartonn-Park

265 2112 337 2173 quae
352 2092 474 2157 solebat
484 2094 615 2158 reddere
625 2115 655 2176 p.
668 2115 695 2157 6.
709 2095 780 2157 lod.
793 2095 889 2157 estin
904 2114 1002 2156 manu
1014 2094 1150 2157 Domini
1160 2095 1285 2158 Prioris.
1298 2133 1340 2143 —
1349 2095 1401 2158 De

264 2178 288 2240 J
288 2177 414 2243 ohanne
436 2181 573 2244 Watson
587 2201 644 2263 pro
659 2180 705 2262 xij
722 2186 766 2263 qt.
782 2180 814 2262 vj
832 2180 878 2243 bz.
895 2181 1070 2243 carbonum
1084 2180 1314 2244 maratinorum
1330 2181 1401 2264 [sic]

266 2285 348 2346 preo.
367 2270 410 2330 66.
427 2266 476 2329 ld.
493 2266 633 2330 detentis
649 2266 795 2330 Gilherto
810 2267 833 2330 J
835 2266 1002 2348 enkynson
1015 2272 1052 2329 ut
1067 2272 1265 2349 compertum
1279 2274 1331 2331 est
1344 2289 1402 2349 per

262 2352 429 2434 juratores,
447 2352 496 2416 3d.
509 2391 553 2400 —
564 2353 616 2416 De
630 2354 654 2416 J
655 2353 780 2416 ohanne
795 2352 861 2415 filio
878 2353 1017 2416 Gilberti
1031 2355 1108 2436 quia
1122 2354 1278 2417 conduxit
1288 2375 1402 2436 quem-

266 2437 341 2500 dam
362 2439 554 2503 servientem
577 2439 616 2502 ad
640 2439 774 2506 faciend.
790 2439 890 2502 salem
912 2439 1017 2502 carius
1040 2460 1138 2522 quam
1160 2441 1218 2503 alii
1238 2441 1338 2504 vicini
1361 2441 1402 2504 de

265 2544 362 2607 poena
378 2531 444 2590 40s.
459 2525 610 2608 imposita
625 2532 658 2589 et
673 2546 712 2589 ex
727 2526 833 2608 316616
847 2527 982 2589 Ternarii
999 2527 1069 2588 lod.

309 2613 610 2676 Naurum-Karnos.
657 2612 814 2676 Robertus
837 2612 936 2696 Why,
954 2612 1117 2676 Walterus
1133 2612 1279 2696 Bissh0p‚
1293 2613 1402 2676 Adam

266 2698 425 2781 Shephird
448 2704 480 2762 et
501 2699 657 2762 Ricardus
684 2699 737 2762 del
762 2699 903 2775 Neuton,
929 2699 1110 2781 jur-De
1140 2700 1278 2764 Roberto
1300 2701 1401 2782 Why,

265 2785 407 2849 Waltero
423 2786 568 2868 Bissh0p‚
584 2785 709 2848 Adamo
725 2784 885 2867 Shephird
900 2790 933 2848 61
947 2787 981 2848 N
981 2785 1104 2850 icholao
1120 2785 1251 2869 Philipp
1274 2807 1331 2869 pro
1353 2787 1402 2850 les

264 2873 352 2956 leyes
366 2873 501 2936 Domini
515 2873 635 2955 depast.
652 2892 709 2955 per
730 2872 837 2935 averia
860 2891 926 2947 sua,
941 2872 981 2935 de
996 2872 1141 2955 quolibet
1162 2893 1271 2936 eorum
1295 2873 1344 2938 od.
1356 2913 1402 2922 -

264 2997 308 3008 -
319 2961 370 3024 De
385 2960 562 3024 Nioholaus
579 2959 711 3041 Philipp
727 2959 883 3040 quianon
904 2958 1019 3021 hahuit
1033 2958 1140 3032 Adam
1163 2959 1202 3022 de
1224 2959 1337 3022 Elstob
1360 2961 1401 3023 ad

264 3047 472 3129 respondend.
504 3047 641 3110 Roberto
673 3045 763 3128 Wily
790 3051 823 3108 et
852 3044 925 3108 aliis
954 3045 994 3109 de
1024 3046 1157 3108 Neuton
1183 3046 1226 3109 de
1252 3045 1400 3128 dampnis

264 3134 358 3197 166116
373 3135 409 3196 in
423 3133 506 3200 blad
523 3153 632 3196 eorum
648 3153 722 3196 oum
737 3132 851 3195 ovibus
867 3151 985 3208 eorum,
1001 3131 1041 3195 de
1062 3131 1278 3196 misericordia
1294 3132 1343 3196 3d.
1356 3167 1401 3178 --

263 3221 315 3284 De
337 3220 500 3283 Willelmo
523 3219 563 3282 de
585 3217 765 3282 Hessewell
787 3239 844 3300 pro
866 3217 1116 3300 transgressione
1138 3219 1253 3282 16616
1243 3239 1279 3281 m
1300 3220 1400 3302 pratis

263 3306 399 3368 Domini
421 3325 496 3368 oum
517 3305 621 3386 661616
645 3305 729 3368 suis:
753 3304 837 3386 Pleg
863 3305 990 3368 Niohol’
1006 3305 1183 3388 Philipson,
1207 3305 1247 3368 de
1270 3305 1397 3388 dampn

267 3398 310 3456 26.
322 3392 428 3455 ——De
447 3390 667 3454 Communitat
668 3389 794 3454 evillae
816 3390 856 3453 de
879 3390 1032 3455 Bermton
1054 3412 1111 3473 pro
1134 3391 1282 3474 dampnis
1305 3392 1400 3456 factis

263 3479 299 3542 in
314 3482 444 3561 pastura
458 3476 592 3540 Domini
615 3496 671 3559 per
668 3411 834 3539 ebidentes
850 3495 941 3540 suos:
968 3477 1053 3559 Pleg.
1077 3478 1233 3542 Ricardus
1257 3478 1337 3562 Hyn
1359 3479 1398 3542 de

264 3566 441 3648 dampnum
458 3569 501 3628 66.
517 3563 643 3647 quod
618 3568 684 3626 srnt
670 3563 739 3626 tad
753 3562 888 3626 liberam
903 3563 1027 3626 curiam
1042 3565 1083 3628 ad
1097 3565 1242 3648 respond.
1258 3565 1399 3628 Domino

264 3653 303 3716 de
332 3671 476 3716 resousso
505 3651 589 3714 facto
618 3649 763 3714 Johanni
792 3649 876 3732 Grys
906 3650 992 3732 apud
1018 3651 1150 3715 Ketton.
1178 3651 1256 3714 Post
1281 3652 1398 3716 6116611.

264 3738 449 3824 (11661).-
461 3739 663 3820 Praeceptum
678 3741 725 3800 est
748 3736 923 3799 attachiare
945 3737 1129 3801 dohannem
1151 3737 1241 3802 Gilet
1254 3738 1341 3819 quod
1356 3739 1401 3802 611

263 3827 303 3890 ad
318 3827 452 3891 liberam
467 3824 589 3890 curiam
604 3823 645 3887 ad
658 3822 917 3906 respondendum
931 3823 1071 3887 Domino
1088 3823 1127 3886 de
1143 3824 1290 3907 dampnis
1305 3824 1399 3888 166116

262 3914 298 3977 in
313 3913 413 3996 pratis
429 3913 496 3978 suis
512 3933 586 3976 cum
600 3911 636 3974 lx
651 3909 754 3993 porois
770 3915 802 3973 et
817 3909 857 3972 de
879 3929 1022 3972 rescusso
1045 3910 1130 3973 facto
1153 3911 1176 3974 J
1177 3911 1299 3973 ohanni
1314 3911 1399 3994 Grys

263 3999 392 4082 quando
429 4020 482 4063 eos
515 3998 751 4080 impingnorare
788 3996 898 4060 voluit.
915 4035 958 4044 —
974 3995 1029 4080 [In
1063 3996 1154 4060 dorso
1185 3997 1310 4080 Rotuli]
1347 3999 1400 4062 De

263 4085 399 4149 Ricardo
414 4085 467 4149 del
477 4085 610 4148 Neuton
624 4104 681 4166 pro
696 4082 844 4165 dampnis
860 4083 925 4145 1661
911 4083 953 4146 tis
968 4083 1004 4145 in
1018 4083 1160 4146 frument
1146 4088 1179 4146 to
1194 4083 1328 4146 Domini
1342 4105 1400 4167 per

261 4191 434 4255 aequos
439 4170 611 4245 skahiosos,
636 4169 676 4233 de
706 4169 855 4251 dampnis
885 4169 978 4232 166116
1003 4169 1052 4233 sd.
1064 4170 1170 4233 -De
1199 4170 1312 4233 eodem
1341 4191 1399 4254 pro

262 4259 412 4344 dampnis
426 4257 543 4320 166116
534 4277 569 4318 m
581 4261 712 4338 pastura
726 4255 861 4318 Domini
875 4276 931 4338 661
946 4256 1075 4319 eosdem
1091 4255 1141 4319 4d.
1153 4293 1197 4303 -
1207 4256 1342 4320 Ordinat
1328 4262 1399 4320 tum

262 4351 312 4410 est
347 4365 404 4428 per
441 4362 644 4408 communem
674 4361 839 4404 assensum
870 4341 957 4424 qnod
987 4342 1097 4406 nullus
1127 4342 1245 4407 habeat
1278 4364 1399 4426 equum

261 4431 470 4497 6161166616Ι
462 4451 497 4493 111
512 4434 643 4512 6661616
657 4427 791 4491 Domini
806 4427 866 4490 suh
883 4448 978 4510 poena
990 4428 1030 4491 di
1047 4449 1169 4492 11161616.

304 4521 429 4584 Annon.
475 4518 618 4580 Praesent
619 4522 710 4580 atum
725 4518 774 4578 est
793 4534 850 4596 per
865 4515 1020 4578 firmarios
1036 4515 1214 4579 molendini
1228 4515 1315 4598 quod
1331 4521 1399 4579 tam
