<?xml version="1.0" encoding="UTF-8"?>
<!DOCTYPE html PUBLIC "-//W3C//DTD XHTML 1.0 Transitional//EN"
    "http://www.w3.org/TR/xhtml1/DTD/xhtml1-transitional.dtd">
<html xmlns="http://www.w3.org/1999/xhtml" xml:lang="en" lang="en">
 <head>
  <title>
</title>
<meta http-equiv="Content-Type" content="text/html;charset=utf-8" />
  <meta name='ocr-system' content='tesseract 3.04.00' />
  <meta name='ocr-capabilities' content='ocr_page ocr_carea ocr_par ocr_line ocrx_word'/>
</head>
<body>
  <div class='ocr_page' id='page_1' title='image "./halmotaprioratu01cathgoog/halmotaprioratu01cathgoog_0062.png"; bbox 0 0 3056 5222; ppageno 0'>
   <div class='ocr_carea' id='block_1_1' title="bbox 73 596 1206 850">
    <p class='ocr_par' dir='ltr' id='par_1_1' title="bbox 73 596 1206 850">
     <span class='ocr_line' id='line_1_1' title="bbox 73 596 1206 661; baseline -0.002 -1"><span class='ocrx_word' id='word_1_1' title='bbox 73 602 165 661; x_wconf 80' lang='lat'><strong>1296.</strong></span> <span class='ocrx_word' id='word_1_2' title='bbox 341 607 948 658; x_wconf 75' lang='lat' dir='ltr'><strong>annuornrmoaaruancummnwsrs.</strong></span> <span class='ocrx_word' id='word_1_3' title='bbox 1189 596 1206 658; x_wconf 85' lang='grc'><strong>7</strong></span> 
     </span>
     <span class='ocr_line' id='line_1_2' title="bbox 114 765 1098 850; baseline -0.001 -17"><span class='ocrx_word' id='word_1_4' title='bbox 114 771 315 834; x_wconf 76' lang='lat' dir='ltr'><strong>Paolucutm</strong></span> <span class='ocrx_word' id='word_1_5' title='bbox 329 767 424 832; x_wconf 90' lang='lat' dir='ltr'><strong>istius</strong></span> <span class='ocrx_word' id='word_1_6' title='bbox 438 766 537 832; x_wconf 91' lang='lat' dir='ltr'><strong>rotuli</strong></span> <span class='ocrx_word' id='word_1_7' title='bbox 551 786 592 830; x_wconf 85' lang='lat' dir='ltr'><strong>ex</strong></span> <span class='ocrx_word' id='word_1_8' title='bbox 607 771 743 850; x_wconf 86' lang='lat' dir='ltr'><strong>utraque</strong></span> <span class='ocrx_word' id='word_1_9' title='bbox 757 771 848 850; x_wconf 87' lang='lat' dir='ltr'><strong>parte</strong></span> <span class='ocrx_word' id='word_1_10' title='bbox 864 765 947 832; x_wconf 79' lang='lat' dir='ltr'><strong>281i</strong></span> <span class='ocrx_word' id='word_1_11' title='bbox 966 768 1030 831; x_wconf 81' lang='lat' dir='ltr'><strong>17s.</strong></span> <span class='ocrx_word' id='word_1_12' title='bbox 1048 766 1098 832; x_wconf 85' lang='lat' dir='ltr'><strong>ad.</strong></span> 
     </span>
    </p>
   </div>
   <div class='ocr_carea' id='block_1_2' title="bbox 73 938 1221 4312">
    <p class='ocr_par' dir='ltr' id='par_1_2' title="bbox 73 938 1209 1286">
     <span class='ocr_line' id='line_1_3' title="bbox 110 938 1207 1025; baseline 0 -20"><span class='ocrx_word' id='word_1_13' title='bbox 110 947 206 1007; x_wconf 83' lang='lat'><strong>1296.</strong></span> <span class='ocrx_word' id='word_1_14' title='bbox 223 942 477 1006; x_wconf 70' lang='lat' dir='ltr'><strong>Ill-Tramas</strong></span> <span class='ocrx_word' id='word_1_15' title='bbox 492 941 628 1004; x_wconf 80' lang='lat' dir='ltr'><strong>Turnus</strong></span> <span class='ocrx_word' id='word_1_16' title='bbox 639 938 740 1016; x_wconf 77' lang='lat' dir='ltr'><strong>Arcu,</strong></span> <span class='ocrx_word' id='word_1_17' title='bbox 751 955 828 1017; x_wconf 84' lang='lat' dir='ltr'><strong>aro,</strong></span> <span class='ocrx_word' id='word_1_18' title='bbox 840 939 1055 1004; x_wconf 76' lang='lat' dir='ltr'><strong>Nonaonsrm</strong></span> <span class='ocrx_word' id='word_1_19' title='bbox 1070 939 1207 1025; x_wconf 82' lang='lat' dir='ltr'><strong>S[nxr1].</strong></span> 
     </span>
     <span class='ocr_line' id='line_1_4' title="bbox 73 1026 1208 1111; baseline -0.002 -18"><span class='ocrx_word' id='word_1_20' title='bbox 73 1029 230 1092; x_wconf 91' lang='lat' dir='ltr'><strong>Halmota</strong></span> <span class='ocrx_word' id='word_1_21' title='bbox 255 1033 346 1093; x_wconf 88' lang='lat' dir='ltr'><strong>tenta</strong></span> <span class='ocrx_word' id='word_1_22' title='bbox 372 1027 457 1111; x_wconf 88' lang='lat' dir='ltr'><strong>apud</strong></span> <span class='ocrx_word' id='word_1_23' title='bbox 482 1027 639 1091; x_wconf 87' lang='lat' dir='ltr'><strong>Hesilden</strong></span> <span class='ocrx_word' id='word_1_24' title='bbox 661 1026 713 1090; x_wconf 90' lang='lat' dir='ltr'><strong>die</strong></span> <span class='ocrx_word' id='word_1_25' title='bbox 729 1027 829 1090; x_wconf 86' lang='lat' dir='ltr'><strong>Lunae</strong></span> <span class='ocrx_word' id='word_1_26' title='bbox 850 1027 944 1110; x_wconf 90' lang='lat' dir='ltr'><strong>[Mar.</strong></span> <span class='ocrx_word' id='word_1_27' title='bbox 966 1027 999 1110; x_wconf 81' lang='lat'><strong>4]</strong></span> <span class='ocrx_word' id='word_1_28' title='bbox 1021 1047 1110 1110; x_wconf 87' lang='lat' dir='ltr'>prox.</span> <span class='ocrx_word' id='word_1_29' title='bbox 1133 1033 1208 1092; x_wconf 91' lang='lat' dir='ltr'><strong>ante</strong></span> 
     </span>
     <span class='ocr_line' id='line_1_5' title="bbox 74 1113 1209 1198; baseline -0.001 -20"><span class='ocrx_word' id='word_1_30' title='bbox 74 1116 193 1179; x_wconf 88' lang='lat' dir='ltr'><strong>festum</strong></span> <span class='ocrx_word' id='word_1_31' title='bbox 225 1115 417 1179; x_wconf 87' lang='lat' dir='ltr'><strong>Sanctarum</strong></span> <span class='ocrx_word' id='word_1_32' title='bbox 447 1115 613 1197; x_wconf 86' lang='lat' dir='ltr'><strong>Perpetuae</strong></span> <span class='ocrx_word' id='word_1_33' title='bbox 647 1117 680 1177; x_wconf 92' lang='lat' dir='ltr'><strong>et</strong></span> <span class='ocrx_word' id='word_1_34' title='bbox 712 1113 889 1178; x_wconf 78' lang='lat' dir='ltr'><strong>Felicitatis</strong></span> <span class='ocrx_word' id='word_1_35' title='bbox 916 1114 1010 1198; x_wconf 90' lang='lat' dir='ltr'><strong>[Mar.</strong></span> <span class='ocrx_word' id='word_1_36' title='bbox 1043 1114 1086 1198; x_wconf 75' lang='lat'><strong>⁷1,</strong></span> <span class='ocrx_word' id='word_1_37' title='bbox 1115 1133 1209 1190; x_wconf 90' lang='lat' dir='ltr'><strong>anno,</strong></span> 
     </span>
     <span class='ocr_line' id='line_1_6' title="bbox 74 1199 698 1286; baseline -0.002 -21"><span class='ocrx_word' id='word_1_38' title='bbox 74 1208 140 1277; x_wconf 84' lang='lat' dir='ltr'><strong>etc,</strong></span> <span class='ocrx_word' id='word_1_39' title='bbox 154 1201 356 1286; x_wconf 82' lang='lat' dir='ltr'><strong>nonagesimi</strong></span> <span class='ocrx_word' id='word_1_40' title='bbox 371 1199 492 1284; x_wconf 85' lang='lat' dir='ltr'><strong>s[exti].</strong></span> <span class='ocrx_word' id='word_1_41' title='bbox 538 1199 698 1284; x_wconf 84' lang='grc'><strong>[1296-7.]</strong></span> 
     </span>
    </p>

    <p class='ocr_par' dir='ltr' id='par_1_3' title="bbox 76 1285 1217 3966">
     <span class='ocr_line' id='line_1_7' title="bbox 116 1285 1210 1371; baseline -0.001 -20"><span class='ocrx_word' id='word_1_42' title='bbox 116 1289 303 1353; x_wconf 75' lang='lat' dir='ltr'><strong>Husmnuw.</strong></span> <span class='ocrx_word' id='word_1_43' title='bbox 347 1288 505 1351; x_wconf 86' lang='lat' dir='ltr'><strong>Robertus</strong></span> <span class='ocrx_word' id='word_1_44' title='bbox 520 1287 560 1351; x_wconf 92' lang='lat' dir='ltr'><strong>de</strong></span> <span class='ocrx_word' id='word_1_45' title='bbox 574 1287 697 1350; x_wconf 89' lang='lat' dir='ltr'><strong>Delton</strong></span> <span class='ocrx_word' id='word_1_46' title='bbox 712 1285 799 1369; x_wconf 89' lang='lat' dir='ltr'><strong>cepit</strong></span> <span class='ocrx_word' id='word_1_47' title='bbox 819 1285 945 1350; x_wconf 81' lang='lat' dir='ltr'><strong>toftum·</strong></span> <span class='ocrx_word' id='word_1_48' title='bbox 961 1293 994 1352; x_wconf 90' lang='lat' dir='ltr'><strong>et</strong></span> <span class='ocrx_word' id='word_1_49' title='bbox 1015 1285 1210 1371; x_wconf 90' lang='lat' dir='ltr'><strong>bondagium</strong></span> 
     </span>
     <span class='ocr_line' id='line_1_8' title="bbox 76 1372 1210 1458; baseline -0.001 -21"><span class='ocrx_word' id='word_1_50' title='bbox 76 1374 160 1456; x_wconf 93' lang='lat' dir='ltr'><strong>quod</strong></span> <span class='ocrx_word' id='word_1_51' title='bbox 171 1374 330 1458; x_wconf 81' lang='lat' dir='ltr'><strong>Hawysia</strong></span> <span class='ocrx_word' id='word_1_52' title='bbox 348 1373 460 1438; x_wconf 91' lang='lat' dir='ltr'><strong>relicta</strong></span> <span class='ocrx_word' id='word_1_53' title='bbox 474 1374 498 1438; x_wconf 86' lang='lat' dir='ltr'><strong>J</strong></span> <span class='ocrx_word' id='word_1_54' title='bbox 498 1373 634 1437; x_wconf 89' lang='lat' dir='ltr'><strong>ohannis</strong></span> <span class='ocrx_word' id='word_1_55' title='bbox 648 1373 709 1436; x_wconf 89' lang='lat' dir='ltr'><strong>filii</strong></span> <span class='ocrx_word' id='word_1_56' title='bbox 723 1372 853 1438; x_wconf 86' lang='lat' dir='ltr'><strong>Roberti</strong></span> <span class='ocrx_word' id='word_1_57' title='bbox 868 1373 908 1437; x_wconf 92' lang='lat' dir='ltr'><strong>de</strong></span> <span class='ocrx_word' id='word_1_58' title='bbox 923 1372 1081 1438; x_wconf 88' lang='lat' dir='ltr'><strong>Hesilden</strong></span> <span class='ocrx_word' id='word_1_59' title='bbox 1094 1373 1210 1451; x_wconf 88' lang='lat' dir='ltr'><strong>tenuit,</strong></span> 
     </span>
     <span class='ocr_line' id='line_1_9' title="bbox 77 1459 1209 1544; baseline 0.001 -21"><span class='ocrx_word' id='word_1_60' title='bbox 77 1461 159 1544; x_wconf 88' lang='lat' dir='ltr'><strong>quod</strong></span> <span class='ocrx_word' id='word_1_61' title='bbox 174 1461 307 1544; x_wconf 87' lang='lat' dir='ltr'><strong>quidem</strong></span> <span class='ocrx_word' id='word_1_62' title='bbox 322 1459 517 1544; x_wconf 89' lang='lat' dir='ltr'><strong>bondagium</strong></span> <span class='ocrx_word' id='word_1_63' title='bbox 532 1460 586 1543; x_wconf 85' lang='lat' dir='ltr'><strong>[c]</strong></span> <span class='ocrx_word' id='word_1_64' title='bbox 602 1460 804 1536; x_wconf 87' lang='lat' dir='ltr'><strong>seminatum,</strong></span> <span class='ocrx_word' id='word_1_65' title='bbox 818 1479 893 1523; x_wconf 91' lang='lat' dir='ltr'><strong>cum</strong></span> <span class='ocrx_word' id='word_1_66' title='bbox 907 1480 972 1524; x_wconf 94' lang='lat' dir='ltr'><strong>uno</strong></span> <span class='ocrx_word' id='word_1_67' title='bbox 986 1480 1068 1543; x_wconf 90' lang='lat' dir='ltr'><strong>equo</strong></span> <span class='ocrx_word' id='word_1_68' title='bbox 1083 1466 1116 1525; x_wconf 92' lang='lat' dir='ltr'><strong>et</strong></span> <span class='ocrx_word' id='word_1_69' title='bbox 1131 1461 1209 1524; x_wconf 94' lang='lat' dir='ltr'><strong>duo-</strong></span> 
     </span>
     <span class='ocr_line' id='line_1_10' title="bbox 78 1546 1210 1631; baseline 0.001 -21"><span class='ocrx_word' id='word_1_70' title='bbox 78 1548 135 1611; x_wconf 90' lang='lat' dir='ltr'><strong>bus</strong></span> <span class='ocrx_word' id='word_1_71' title='bbox 144 1549 258 1625; x_wconf 88' lang='lat' dir='ltr'><strong>bobus,</strong></span> <span class='ocrx_word' id='word_1_72' title='bbox 271 1553 303 1612; x_wconf 88' lang='lat' dir='ltr'><strong>et</strong></span> <span class='ocrx_word' id='word_1_73' title='bbox 312 1548 402 1612; x_wconf 89' lang='lat' dir='ltr'><strong>dabit</strong></span> <span class='ocrx_word' id='word_1_74' title='bbox 411 1548 452 1611; x_wconf 91' lang='lat' dir='ltr'><strong>ad</strong></span> <span class='ocrx_word' id='word_1_75' title='bbox 461 1548 651 1631; x_wconf 90' lang='lat' dir='ltr'><strong>g&#39;summam</strong></span> <span class='ocrx_word' id='word_1_76' title='bbox 659 1567 688 1610; x_wconf 91' lang='lat' dir='ltr'><strong>v.</strong></span> <span class='ocrx_word' id='word_1_77' title='bbox 699 1566 830 1623; x_wconf 86' lang='lat' dir='ltr'><strong>marcas,</strong></span> <span class='ocrx_word' id='word_1_78' title='bbox 844 1546 998 1611; x_wconf 91' lang='lat' dir='ltr'><strong>videlicet</strong></span> <span class='ocrx_word' id='word_1_79' title='bbox 1011 1568 1068 1630; x_wconf 90' lang='lat' dir='ltr'><strong>pro</strong></span> <span class='ocrx_word' id='word_1_80' title='bbox 1082 1547 1210 1630; x_wconf 90' lang='lat' dir='ltr'><strong>proprio</strong></span> 
     </span>
     <span class='ocr_line' id='line_1_11' title="bbox 78 1631 1210 1718; baseline 0.001 -23"><span class='ocrx_word' id='word_1_81' title='bbox 78 1634 139 1698; x_wconf 92' lang='lat' dir='ltr'><strong>fine</strong></span> <span class='ocrx_word' id='word_1_82' title='bbox 155 1640 232 1712; x_wconf 71' lang='lat' dir='ltr'><strong>cos„</strong></span> <span class='ocrx_word' id='word_1_83' title='bbox 248 1640 282 1699; x_wconf 91' lang='lat' dir='ltr'><strong>et</strong></span> <span class='ocrx_word' id='word_1_84' title='bbox 296 1655 354 1718; x_wconf 92' lang='lat' dir='ltr'><strong>pro</strong></span> <span class='ocrx_word' id='word_1_85' title='bbox 376 1683 383 1696; x_wconf 93' lang='lat'><strong>.</strong></span> <span class='ocrx_word' id='word_1_86' title='bbox 406 1684 413 1698; x_wconf 94' lang='lat'><strong>.</strong></span> <span class='ocrx_word' id='word_1_87' title='bbox 438 1684 444 1699; x_wconf 90' lang='lat'><strong>.</strong></span> <span class='ocrx_word' id='word_1_88' title='bbox 466 1631 577 1716; x_wconf 88' lang='lat' dir='ltr'><strong>r[The</strong></span> <span class='ocrx_word' id='word_1_89' title='bbox 589 1633 650 1697; x_wconf 92' lang='lat' dir='ltr'><strong>roll</strong></span> <span class='ocrx_word' id='word_1_90' title='bbox 661 1633 689 1696; x_wconf 91' lang='lat' dir='ltr'><strong>is</strong></span> <span class='ocrx_word' id='word_1_91' title='bbox 700 1632 840 1717; x_wconf 81' lang='lat' dir='ltr'><strong>decayed</strong></span> <span class='ocrx_word' id='word_1_92' title='bbox 855 1633 939 1710; x_wconf 89' lang='lat' dir='ltr'><strong>here,</strong></span> <span class='ocrx_word' id='word_1_93' title='bbox 950 1633 1009 1697; x_wconf 92' lang='lat' dir='ltr'><strong>hut</strong></span> <span class='ocrx_word' id='word_1_94' title='bbox 1020 1633 1210 1718; x_wconf 72' lang='lat' dir='ltr'><strong>apparently</strong></span> 
     </span>
     <span class='ocr_line' id='line_1_12' title="bbox 79 1719 1210 1804; baseline 0.002 -22"><span class='ocrx_word' id='word_1_95' title='bbox 79 1720 132 1784; x_wconf 91' lang='lat' dir='ltr'><strong>the</strong></span> <span class='ocrx_word' id='word_1_96' title='bbox 157 1721 246 1785; x_wconf 90' lang='lat' dir='ltr'><strong>word</strong></span> <span class='ocrx_word' id='word_1_97' title='bbox 273 1721 302 1785; x_wconf 90' lang='lat' dir='ltr'><strong>is</strong></span> <span class='ocrx_word' id='word_1_98' title='bbox 327 1720 389 1784; x_wconf 51' lang='lat' dir='ltr'><strong>tao?</strong></span> <span class='ocrx_word' id='word_1_99' title='bbox 404 1745 435 1772; x_wconf 95' lang='lat'>=</span> <span class='ocrx_word' id='word_1_100' title='bbox 445 1721 528 1804; x_wconf 87' lang='lat' dir='ltr'><strong>jure.</strong></span> <span class='ocrx_word' id='word_1_101' title='bbox 572 1720 639 1785; x_wconf 86' lang='lat' dir='ltr'><strong>The</strong></span> <span class='ocrx_word' id='word_1_102' title='bbox 668 1720 738 1783; x_wconf 91' lang='lat' dir='ltr'><strong>first</strong></span> <span class='ocrx_word' id='word_1_103' title='bbox 764 1719 872 1784; x_wconf 89' lang='lat' dir='ltr'><strong>stroke</strong></span> <span class='ocrx_word' id='word_1_104' title='bbox 898 1721 933 1784; x_wconf 86' lang='lat' dir='ltr'><strong>of</strong></span> <span class='ocrx_word' id='word_1_105' title='bbox 956 1740 1021 1804; x_wconf 81' lang='lat' dir='ltr'><strong>ap</strong></span> <span class='ocrx_word' id='word_1_106' title='bbox 1047 1739 1150 1784; x_wconf 91' lang='lat' dir='ltr'><strong>seems</strong></span> <span class='ocrx_word' id='word_1_107' title='bbox 1176 1726 1210 1784; x_wconf 91' lang='lat' dir='ltr'><strong>to</strong></span> 
     </span>
     <span class='ocr_line' id='line_1_13' title="bbox 80 1806 1211 1890; baseline 0.001 -21"><span class='ocrx_word' id='word_1_108' title='bbox 80 1807 194 1884; x_wconf 87' lang='lat' dir='ltr'><strong>follow,</strong></span> <span class='ocrx_word' id='word_1_109' title='bbox 208 1809 270 1871; x_wconf 90' lang='lat' dir='ltr'><strong>but</strong></span> <span class='ocrx_word' id='word_1_110' title='bbox 284 1807 365 1871; x_wconf 85' lang='lat' dir='ltr'><strong>with</strong></span> <span class='ocrx_word' id='word_1_111' title='bbox 387 1807 546 1872; x_wconf 88' lang='lat' dir='ltr'><strong>sufficient</strong></span> <span class='ocrx_word' id='word_1_112' title='bbox 568 1826 663 1890; x_wconf 81' lang='lat' dir='ltr'>space</span> <span class='ocrx_word' id='word_1_113' title='bbox 685 1807 767 1870; x_wconf 87' lang='lat' dir='ltr'><strong>after</strong></span> <span class='ocrx_word' id='word_1_114' title='bbox 788 1807 815 1869; x_wconf 90' lang='lat' dir='ltr'><strong>it</strong></span> <span class='ocrx_word' id='word_1_115' title='bbox 836 1811 870 1870; x_wconf 92' lang='lat' dir='ltr'><strong>to</strong></span> <span class='ocrx_word' id='word_1_116' title='bbox 892 1806 975 1870; x_wconf 88' lang='lat' dir='ltr'><strong>have</strong></span> <span class='ocrx_word' id='word_1_117' title='bbox 997 1806 1131 1870; x_wconf 80' lang='lat' dir='ltr'><strong>allowed</strong></span> <span class='ocrx_word' id='word_1_118' title='bbox 1139 1807 1211 1890; x_wconf 82' lang='lat' dir='ltr'><strong>suta</strong></span> 
     </span>
     <span class='ocr_line' id='line_1_14' title="bbox 83 1891 1211 1978; baseline -0.001 -22"><span class='ocrx_word' id='word_1_119' title='bbox 83 1893 199 1976; x_wconf 90' lang='lat' dir='ltr'><strong>(which</strong></span> <span class='ocrx_word' id='word_1_120' title='bbox 228 1895 341 1978; x_wconf 87' lang='lat' dir='ltr'><strong>begins</strong></span> <span class='ocrx_word' id='word_1_121' title='bbox 367 1894 424 1958; x_wconf 90' lang='lat' dir='ltr'><strong>the</strong></span> <span class='ocrx_word' id='word_1_122' title='bbox 452 1898 531 1957; x_wconf 89' lang='lat' dir='ltr'><strong>next</strong></span> <span class='ocrx_word' id='word_1_123' title='bbox 559 1892 639 1977; x_wconf 89' lang='lat' dir='ltr'><strong>line)</strong></span> <span class='ocrx_word' id='word_1_124' title='bbox 670 1898 704 1956; x_wconf 95' lang='lat' dir='ltr'><strong>to</strong></span> <span class='ocrx_word' id='word_1_125' title='bbox 733 1892 816 1956; x_wconf 90' lang='lat' dir='ltr'><strong>have</strong></span> <span class='ocrx_word' id='word_1_126' title='bbox 845 1891 1007 1978; x_wconf 87' lang='lat' dir='ltr'><strong>followed]</strong></span> <span class='ocrx_word' id='word_1_127' title='bbox 1036 1942 1105 1957; x_wconf 95' lang='lat'><strong>...</strong></span> <span class='ocrx_word' id='word_1_128' title='bbox 1135 1893 1211 1956; x_wconf 90' lang='lat' dir='ltr'><strong>fatae</strong></span> 
     </span>
     <span class='ocr_line' id='line_1_15' title="bbox 82 1978 1211 2063; baseline 0.001 -21"><span class='ocrx_word' id='word_1_129' title='bbox 82 1980 243 2063; x_wconf 84' lang='lat' dir='ltr'><strong>Hawysiae</strong></span> <span class='ocrx_word' id='word_1_130' title='bbox 259 1983 278 2044; x_wconf 83' lang='lat'><strong>2</strong></span> <span class='ocrx_word' id='word_1_131' title='bbox 294 2000 434 2045; x_wconf 90' lang='lat' dir='ltr'><strong>marcae:</strong></span> <span class='ocrx_word' id='word_1_132' title='bbox 456 1979 607 2044; x_wconf 91' lang='lat' dir='ltr'><strong>solvendo</strong></span> <span class='ocrx_word' id='word_1_133' title='bbox 619 1979 805 2062; x_wconf 85' lang='lat' dir='ltr'><strong>praedictam</strong></span> <span class='ocrx_word' id='word_1_134' title='bbox 819 1979 989 2061; x_wconf 91' lang='lat' dir='ltr'><strong>pecuniam</strong></span> <span class='ocrx_word' id='word_1_135' title='bbox 1004 1978 1045 2042; x_wconf 91' lang='lat' dir='ltr'><strong>ad</strong></span> <span class='ocrx_word' id='word_1_136' title='bbox 1059 1979 1211 2043; x_wconf 89' lang='lat' dir='ltr'><strong>terminos</strong></span> 
     </span>
     <span class='ocr_line' id='line_1_16' title="bbox 82 2065 1212 2150; baseline 0.001 -21"><span class='ocrx_word' id='word_1_137' title='bbox 82 2066 284 2150; x_wconf 86' lang='lat' dir='ltr'><strong>subscriptos,</strong></span> <span class='ocrx_word' id='word_1_138' title='bbox 298 2066 450 2132; x_wconf 91' lang='lat' dir='ltr'><strong>videlicet</strong></span> <span class='ocrx_word' id='word_1_139' title='bbox 468 2067 508 2130; x_wconf 88' lang='lat' dir='ltr'><strong>ad</strong></span> <span class='ocrx_word' id='word_1_140' title='bbox 524 2066 648 2129; x_wconf 80' lang='lat' dir='ltr'><strong>Pascha</strong></span> <span class='ocrx_word' id='word_1_141' title='bbox 662 2085 755 2141; x_wconf 91' lang='lat' dir='ltr'><strong>anno,</strong></span> <span class='ocrx_word' id='word_1_142' title='bbox 771 2070 839 2142; x_wconf 83' lang='lat' dir='ltr'><strong>eto,</strong></span> <span class='ocrx_word' id='word_1_143' title='bbox 854 2065 1059 2149; x_wconf 88' lang='lat' dir='ltr'><strong>nonagesimo</strong></span> <span class='ocrx_word' id='word_1_144' title='bbox 1074 2067 1212 2149; x_wconf 89' lang='lat' dir='ltr'><strong>septimo</strong></span> 
     </span>
     <span class='ocr_line' id='line_1_17' title="bbox 83 2151 1212 2231; baseline 0.001 -17"><span class='ocrx_word' id='word_1_145' title='bbox 83 2157 176 2215; x_wconf 89' lang='lat' dir='ltr'><strong>unam</strong></span> <span class='ocrx_word' id='word_1_146' title='bbox 205 2174 354 2231; x_wconf 90' lang='lat' dir='ltr'><strong>marcam,</strong></span> <span class='ocrx_word' id='word_1_147' title='bbox 384 2154 425 2217; x_wconf 90' lang='lat' dir='ltr'><strong>ad</strong></span> <span class='ocrx_word' id='word_1_148' title='bbox 454 2155 573 2217; x_wconf 86' lang='lat' dir='ltr'><strong>festum</strong></span> <span class='ocrx_word' id='word_1_149' title='bbox 603 2153 638 2216; x_wconf 94' lang='lat' dir='ltr'><strong>B.</strong></span> <span class='ocrx_word' id='word_1_150' title='bbox 668 2152 828 2217; x_wconf 85' lang='lat' dir='ltr'><strong>Johannis</strong></span> <span class='ocrx_word' id='word_1_151' title='bbox 861 2172 960 2215; x_wconf 88' lang='lat' dir='ltr'><strong>unam</strong></span> <span class='ocrx_word' id='word_1_152' title='bbox 992 2172 1141 2230; x_wconf 89' lang='lat' dir='ltr'><strong>marcam,</strong></span> <span class='ocrx_word' id='word_1_153' title='bbox 1171 2151 1212 2216; x_wconf 90' lang='lat' dir='ltr'><strong>ad</strong></span> 
     </span>
     <span class='ocr_line' id='line_1_18' title="bbox 82 2237 1212 2314; baseline 0.003 -14"><span class='ocrx_word' id='word_1_154' title='bbox 82 2238 195 2302; x_wconf 89' lang='lat' dir='ltr'><strong>festum</strong></span> <span class='ocrx_word' id='word_1_155' title='bbox 221 2241 259 2304; x_wconf 92' lang='lat' dir='ltr'><strong>B.</strong></span> <span class='ocrx_word' id='word_1_156' title='bbox 282 2239 452 2304; x_wconf 86' lang='lat' dir='ltr'><strong>Michaelis</strong></span> <span class='ocrx_word' id='word_1_157' title='bbox 474 2260 573 2303; x_wconf 89' lang='lat' dir='ltr'><strong>unam</strong></span> <span class='ocrx_word' id='word_1_158' title='bbox 596 2259 744 2314; x_wconf 89' lang='lat' dir='ltr'><strong>marcam,</strong></span> <span class='ocrx_word' id='word_1_159' title='bbox 766 2239 806 2302; x_wconf 90' lang='lat' dir='ltr'><strong>ad</strong></span> <span class='ocrx_word' id='word_1_160' title='bbox 829 2237 1091 2303; x_wconf 90' lang='lat' dir='ltr'><strong>Purificacionem</strong></span> <span class='ocrx_word' id='word_1_161' title='bbox 1113 2259 1212 2303; x_wconf 91' lang='lat' dir='ltr'><strong>unam</strong></span> 
     </span>
     <span class='ocr_line' id='line_1_19' title="bbox 83 2324 1213 2410; baseline 0.003 -23"><span class='ocrx_word' id='word_1_162' title='bbox 83 2345 227 2402; x_wconf 90' lang='lat' dir='ltr'><strong>marcam,</strong></span> <span class='ocrx_word' id='word_1_163' title='bbox 250 2332 284 2390; x_wconf 93' lang='lat' dir='ltr'><strong>et</strong></span> <span class='ocrx_word' id='word_1_164' title='bbox 305 2326 345 2390; x_wconf 92' lang='lat' dir='ltr'><strong>ad</strong></span> <span class='ocrx_word' id='word_1_165' title='bbox 367 2328 486 2391; x_wconf 86' lang='lat' dir='ltr'><strong>festum</strong></span> <span class='ocrx_word' id='word_1_166' title='bbox 512 2325 761 2402; x_wconf 85' lang='lat' dir='ltr'><strong>Purificacionis,</strong></span> <span class='ocrx_word' id='word_1_167' title='bbox 783 2324 890 2409; x_wconf 92' lang='lat' dir='ltr'><strong>a[nno‚</strong></span> <span class='ocrx_word' id='word_1_168' title='bbox 912 2325 985 2408; x_wconf 84' lang='lat' dir='ltr'><strong>etc]</strong></span> <span class='ocrx_word' id='word_1_169' title='bbox 1008 2327 1213 2410; x_wconf 89' lang='lat' dir='ltr'><strong>nonagesimo</strong></span> 
     </span>
     <span class='ocr_line' id='line_1_20' title="bbox 84 2412 1213 2495; baseline 0.003 -22"><span class='ocrx_word' id='word_1_170' title='bbox 84 2416 190 2476; x_wconf 89' lang='lat' dir='ltr'><strong>octavo</strong></span> <span class='ocrx_word' id='word_1_171' title='bbox 212 2433 313 2477; x_wconf 90' lang='lat' dir='ltr'><strong>unam</strong></span> <span class='ocrx_word' id='word_1_172' title='bbox 334 2434 481 2478; x_wconf 89' lang='lat' dir='ltr'><strong>marcam.</strong></span> <span class='ocrx_word' id='word_1_173' title='bbox 526 2413 569 2476; x_wconf 89' lang='lat' dir='ltr'><strong>Et</strong></span> <span class='ocrx_word' id='word_1_174' title='bbox 591 2433 647 2495; x_wconf 90' lang='lat' dir='ltr'><strong>pro</strong></span> <span class='ocrx_word' id='word_1_175' title='bbox 670 2412 773 2475; x_wconf 88' lang='lat' dir='ltr'><strong>tribus</strong></span> <span class='ocrx_word' id='word_1_176' title='bbox 795 2412 876 2475; x_wconf 89' lang='lat' dir='ltr'><strong>acris</strong></span> <span class='ocrx_word' id='word_1_177' title='bbox 898 2417 932 2476; x_wconf 87' lang='lat' dir='ltr'><strong>et</strong></span> <span class='ocrx_word' id='word_1_178' title='bbox 953 2412 994 2476; x_wconf 93' lang='lat' dir='ltr'><strong>di.</strong></span> <span class='ocrx_word' id='word_1_179' title='bbox 1011 2432 1103 2476; x_wconf 91' lang='lat' dir='ltr'><strong>novae</strong></span> <span class='ocrx_word' id='word_1_180' title='bbox 1120 2418 1213 2476; x_wconf 84' lang='lat' dir='ltr'><strong>terrac</strong></span> 
     </span>
     <span class='ocr_line' id='line_1_21' title="bbox 85 2496 1214 2582; baseline 0.003 -23"><span class='ocrx_word' id='word_1_181' title='bbox 85 2496 169 2561; x_wconf 91' lang='lat' dir='ltr'><strong>dabit</strong></span> <span class='ocrx_word' id='word_1_182' title='bbox 189 2499 317 2562; x_wconf 88' lang='lat' dir='ltr'><strong>firmam</strong></span> <span class='ocrx_word' id='word_1_183' title='bbox 340 2500 502 2564; x_wconf 85' lang='lat' dir='ltr'><strong>Soaccario</strong></span> <span class='ocrx_word' id='word_1_184' title='bbox 525 2504 557 2564; x_wconf 88' lang='lat' dir='ltr'><strong>et</strong></span> <span class='ocrx_word' id='word_1_185' title='bbox 579 2499 711 2563; x_wconf 84' lang='lat' dir='ltr'><strong>Granar’</strong></span> <span class='ocrx_word' id='word_1_186' title='bbox 735 2498 861 2562; x_wconf 90' lang='lat' dir='ltr'><strong>Dunlm</strong></span> <span class='ocrx_word' id='word_1_187' title='bbox 884 2549 890 2562; x_wconf 93' lang='lat'><strong>.</strong></span> <span class='ocrx_word' id='word_1_188' title='bbox 914 2549 921 2562; x_wconf 94' lang='lat'><strong>.</strong></span> <span class='ocrx_word' id='word_1_189' title='bbox 945 2549 951 2564; x_wconf 90' lang='lat'><strong>.</strong></span> <span class='ocrx_word' id='word_1_190' title='bbox 974 2500 1031 2562; x_wconf 88' lang='lat' dir='ltr'><strong>rer&#39;</strong></span> <span class='ocrx_word' id='word_1_191' title='bbox 1053 2499 1214 2582; x_wconf 83' lang='lat' dir='ltr'><strong>praedictae</strong></span> 
     </span>
     <span class='ocr_line' id='line_1_22' title="bbox 85 2583 1213 2670; baseline 0.002 -24"><span class='ocrx_word' id='word_1_192' title='bbox 85 2583 325 2668; x_wconf 83' lang='lat' dir='ltr'><strong>Hawysiae.—.</strong></span> <span class='ocrx_word' id='word_1_193' title='bbox 349 2637 356 2651; x_wconf 94' lang='lat'><strong>.</strong></span> <span class='ocrx_word' id='word_1_194' title='bbox 379 2636 386 2651; x_wconf 96' lang='lat'><strong>.</strong></span> <span class='ocrx_word' id='word_1_195' title='bbox 411 2585 525 2670; x_wconf 85' lang='lat' dir='ltr'><strong>[There</strong></span> <span class='ocrx_word' id='word_1_196' title='bbox 544 2605 646 2649; x_wconf 86' lang='lat' dir='ltr'><strong>seems</strong></span> <span class='ocrx_word' id='word_1_197' title='bbox 668 2589 702 2649; x_wconf 92' lang='lat' dir='ltr'><strong>to</strong></span> <span class='ocrx_word' id='word_1_198' title='bbox 724 2585 763 2648; x_wconf 89' lang='lat' dir='ltr'><strong>be</strong></span> <span class='ocrx_word' id='word_1_199' title='bbox 785 2584 841 2649; x_wconf 91' lang='lat' dir='ltr'><strong>the</strong></span> <span class='ocrx_word' id='word_1_200' title='bbox 864 2604 957 2648; x_wconf 88' lang='lat' dir='ltr'><strong>name</strong></span> <span class='ocrx_word' id='word_1_201' title='bbox 972 2586 1007 2648; x_wconf 86' lang='lat' dir='ltr'><strong>of</strong></span> <span class='ocrx_word' id='word_1_202' title='bbox 1019 2605 1038 2648; x_wconf 90' lang='lat' dir='ltr'><strong>a</strong></span> <span class='ocrx_word' id='word_1_203' title='bbox 1051 2586 1213 2668; x_wconf 89' lang='lat' dir='ltr'><strong>township</strong></span> 
     </span>
     <span class='ocr_line' id='line_1_23' title="bbox 86 2670 1214 2756; baseline 0.003 -24"><span class='ocrx_word' id='word_1_204' title='bbox 86 2670 118 2733; x_wconf 95' lang='lat' dir='ltr'><strong>in</strong></span> <span class='ocrx_word' id='word_1_205' title='bbox 138 2671 192 2735; x_wconf 90' lang='lat' dir='ltr'><strong>the</strong></span> <span class='ocrx_word' id='word_1_206' title='bbox 206 2672 332 2756; x_wconf 85' lang='lat' dir='ltr'><strong>margin</strong></span> <span class='ocrx_word' id='word_1_207' title='bbox 347 2673 491 2756; x_wconf 88' lang='lat' dir='ltr'><strong>opposite</strong></span> <span class='ocrx_word' id='word_1_208' title='bbox 514 2692 601 2736; x_wconf 89' lang='lat' dir='ltr'><strong>some</strong></span> <span class='ocrx_word' id='word_1_209' title='bbox 621 2672 771 2755; x_wconf 86' lang='lat' dir='ltr'><strong>previous</strong></span> <span class='ocrx_word' id='word_1_210' title='bbox 794 2671 910 2735; x_wconf 87' lang='lat' dir='ltr'><strong>entries</strong></span> <span class='ocrx_word' id='word_1_211' title='bbox 933 2671 968 2736; x_wconf 83' lang='lat' dir='ltr'><strong>of</strong></span> <span class='ocrx_word' id='word_1_212' title='bbox 986 2672 1131 2749; x_wconf 88' lang='lat' dir='ltr'><strong>offences,</strong></span> <span class='ocrx_word' id='word_1_213' title='bbox 1149 2671 1214 2735; x_wconf 90' lang='lat' dir='ltr'><strong>and</strong></span> 
     </span>
     <span class='ocr_line' id='line_1_24' title="bbox 86 2755 1214 2842; baseline 0.003 -24"><span class='ocrx_word' id='word_1_214' title='bbox 86 2755 112 2819; x_wconf 92' lang='lat' dir='ltr'><strong>it</strong></span> <span class='ocrx_word' id='word_1_215' title='bbox 138 2758 327 2841; x_wconf 82' lang='lat' dir='ltr'><strong>apparently</strong></span> <span class='ocrx_word' id='word_1_216' title='bbox 351 2759 430 2823; x_wconf 91' lang='lat' dir='ltr'><strong>ends</strong></span> <span class='ocrx_word' id='word_1_217' title='bbox 459 2760 495 2822; x_wconf 92' lang='lat' dir='ltr'><strong>in</strong></span> <span class='ocrx_word' id='word_1_218' title='bbox 524 2759 607 2824; x_wconf 80' lang='lat' dir='ltr'><strong>hona.</strong></span> <span class='ocrx_word' id='word_1_219' title='bbox 655 2758 720 2822; x_wconf 85' lang='lat' dir='ltr'><strong>Yet</strong></span> <span class='ocrx_word' id='word_1_220' title='bbox 749 2757 946 2842; x_wconf 89' lang='lat' dir='ltr'><strong>Billingham</strong></span> <span class='ocrx_word' id='word_1_221' title='bbox 975 2778 1085 2822; x_wconf 89' lang='lat' dir='ltr'><strong>occurs</strong></span> <span class='ocrx_word' id='word_1_222' title='bbox 1118 2758 1214 2823; x_wconf 84' lang='lat' dir='ltr'><strong>after-</strong></span> 
     </span>
     <span class='ocr_line' id='line_1_25' title="bbox 87 2844 1215 2930; baseline 0.003 -25"><span class='ocrx_word' id='word_1_223' title='bbox 87 2845 205 2928; x_wconf 84' lang='lat' dir='ltr'><strong>wards]</strong></span> <span class='ocrx_word' id='word_1_224' title='bbox 251 2845 415 2910; x_wconf 87' lang='lat' dir='ltr'><strong>Walterus</strong></span> <span class='ocrx_word' id='word_1_225' title='bbox 437 2845 503 2930; x_wconf 89' lang='lat' dir='ltr'><strong>Leg</strong></span> <span class='ocrx_word' id='word_1_226' title='bbox 524 2845 608 2928; x_wconf 91' lang='lat' dir='ltr'><strong>cepit</strong></span> <span class='ocrx_word' id='word_1_227' title='bbox 629 2865 733 2908; x_wconf 92' lang='lat' dir='ltr'><strong>unum</strong></span> <span class='ocrx_word' id='word_1_228' title='bbox 754 2845 873 2909; x_wconf 86' lang='lat' dir='ltr'><strong>tostum</strong></span> <span class='ocrx_word' id='word_1_229' title='bbox 888 2850 920 2908; x_wconf 92' lang='lat' dir='ltr'><strong>et</strong></span> <span class='ocrx_word' id='word_1_230' title='bbox 941 2844 986 2927; x_wconf 86' lang='lat' dir='ltr'><strong>xij</strong></span> <span class='ocrx_word' id='word_1_231' title='bbox 1011 2864 1099 2909; x_wconf 90' lang='lat' dir='ltr'><strong>acras</strong></span> <span class='ocrx_word' id='word_1_232' title='bbox 1124 2850 1215 2909; x_wconf 85' lang='lat' dir='ltr'><strong>terrae</strong></span> 
     </span>
     <span class='ocr_line' id='line_1_26' title="bbox 88 2930 1216 3013; baseline 0 -21"><span class='ocrx_word' id='word_1_233' title='bbox 88 2949 162 3012; x_wconf 89' lang='lat' dir='ltr'><strong>quas</strong></span> <span class='ocrx_word' id='word_1_234' title='bbox 186 2931 350 2996; x_wconf 85' lang='lat' dir='ltr'><strong>Walterus</strong></span> <span class='ocrx_word' id='word_1_235' title='bbox 376 2931 416 2996; x_wconf 93' lang='lat' dir='ltr'><strong>de</strong></span> <span class='ocrx_word' id='word_1_236' title='bbox 442 2932 585 2996; x_wconf 87' lang='lat' dir='ltr'><strong>Massam</strong></span> <span class='ocrx_word' id='word_1_237' title='bbox 605 2931 722 3008; x_wconf 88' lang='lat' dir='ltr'><strong>tenuit,</strong></span> <span class='ocrx_word' id='word_1_238' title='bbox 746 2931 832 2996; x_wconf 91' lang='lat' dir='ltr'><strong>redd.</strong></span> <span class='ocrx_word' id='word_1_239' title='bbox 854 2951 885 3013; x_wconf 90' lang='lat' dir='ltr'><strong>p.</strong></span> <span class='ocrx_word' id='word_1_240' title='bbox 904 2951 931 2994; x_wconf 89' lang='lat' dir='ltr'><strong>a.</strong></span> <span class='ocrx_word' id='word_1_241' title='bbox 955 2937 1028 3006; x_wconf 68' lang='lat' dir='ltr'><strong>lta,</strong></span> <span class='ocrx_word' id='word_1_242' title='bbox 1054 2936 1087 2994; x_wconf 91' lang='lat' dir='ltr'><strong>et</strong></span> <span class='ocrx_word' id='word_1_243' title='bbox 1112 2930 1216 2994; x_wconf 90' lang='lat' dir='ltr'><strong>solvet</strong></span> 
     </span>
     <span class='ocr_line' id='line_1_27' title="bbox 90 3016 1215 3100; baseline 0.001 -22"><span class='ocrx_word' id='word_1_244' title='bbox 90 3065 96 3078; x_wconf 92' lang='lat'><strong>.</strong></span> <span class='ocrx_word' id='word_1_245' title='bbox 118 3067 124 3079; x_wconf 94' lang='lat'><strong>.</strong></span> <span class='ocrx_word' id='word_1_246' title='bbox 146 3068 152 3081; x_wconf 93' lang='lat'><strong>.</strong></span> <span class='ocrx_word' id='word_1_247' title='bbox 173 3019 213 3082; x_wconf 92' lang='lat' dir='ltr'><strong>ad</strong></span> <span class='ocrx_word' id='word_1_248' title='bbox 228 3019 408 3083; x_wconf 87' lang='lat' dir='ltr'><strong>Pentecost.</strong></span> <span class='ocrx_word' id='word_1_249' title='bbox 432 3039 523 3094; x_wconf 91' lang='lat' dir='ltr'><strong>anno,</strong></span> <span class='ocrx_word' id='word_1_250' title='bbox 545 3024 614 3095; x_wconf 83' lang='lat' dir='ltr'><strong>eto,</strong></span> <span class='ocrx_word' id='word_1_251' title='bbox 635 3017 841 3100; x_wconf 90' lang='lat' dir='ltr'><strong>nonagesimo</strong></span> <span class='ocrx_word' id='word_1_252' title='bbox 858 3022 978 3080; x_wconf 90' lang='lat' dir='ltr'><strong>octavo.</strong></span> <span class='ocrx_word' id='word_1_253' title='bbox 990 3053 1033 3062; x_wconf 93' lang='lat'>-</span> <span class='ocrx_word' id='word_1_254' title='bbox 1045 3016 1215 3100; x_wconf 83' lang='lat' dir='ltr'><strong>Gregorius</strong></span> 
     </span>
     <span class='ocr_line' id='line_1_28' title="bbox 90 3101 1215 3188; baseline 0.001 -25"><span class='ocrx_word' id='word_1_255' title='bbox 90 3101 120 3162; x_wconf 89' lang='lat' dir='ltr'>N</span> <span class='ocrx_word' id='word_1_256' title='bbox 121 3104 241 3168; x_wconf 90' lang='lat' dir='ltr'><strong>euhond</strong></span> <span class='ocrx_word' id='word_1_257' title='bbox 258 3107 353 3188; x_wconf 88' lang='lat' dir='ltr'><strong>cepit,</strong></span> <span class='ocrx_word' id='word_1_258' title='bbox 367 3105 407 3169; x_wconf 90' lang='lat' dir='ltr'><strong>ad</strong></span> <span class='ocrx_word' id='word_1_259' title='bbox 422 3106 596 3168; x_wconf 88' lang='lat' dir='ltr'><strong>terminum</strong></span> <span class='ocrx_word' id='word_1_260' title='bbox 610 3104 688 3168; x_wconf 88' lang='lat' dir='ltr'><strong>vitae</strong></span> <span class='ocrx_word' id='word_1_261' title='bbox 710 3123 785 3179; x_wconf 90' lang='lat' dir='ltr'><strong>suae,</strong></span> <span class='ocrx_word' id='word_1_262' title='bbox 802 3101 996 3185; x_wconf 89' lang='lat' dir='ltr'><strong>bondagium</strong></span> <span class='ocrx_word' id='word_1_263' title='bbox 1009 3102 1095 3185; x_wconf 93' lang='lat' dir='ltr'><strong>quod</strong></span> <span class='ocrx_word' id='word_1_264' title='bbox 1111 3102 1215 3166; x_wconf 88' lang='lat' dir='ltr'><strong>Alioia</strong></span> 
     </span>
     <span class='ocr_line' id='line_1_29' title="bbox 90 3189 1216 3276; baseline 0.002 -25"><span class='ocrx_word' id='word_1_265' title='bbox 90 3207 164 3252; x_wconf 87' lang='lat' dir='ltr'><strong>uxor</strong></span> <span class='ocrx_word' id='word_1_266' title='bbox 185 3211 243 3256; x_wconf 80' lang='lat' dir='ltr'><strong>sue,</strong></span> <span class='ocrx_word' id='word_1_267' title='bbox 265 3191 354 3276; x_wconf 87' lang='lat' dir='ltr'><strong>prius</strong></span> <span class='ocrx_word' id='word_1_268' title='bbox 376 3191 543 3266; x_wconf 88' lang='lat' dir='ltr'><strong>habitavit,</strong></span> <span class='ocrx_word' id='word_1_269' title='bbox 563 3190 649 3274; x_wconf 90' lang='lat' dir='ltr'><strong>quod</strong></span> <span class='ocrx_word' id='word_1_270' title='bbox 670 3190 755 3273; x_wconf 92' lang='lat' dir='ltr'><strong>cepit</strong></span> <span class='ocrx_word' id='word_1_271' title='bbox 777 3189 980 3266; x_wconf 87' lang='lat' dir='ltr'><strong>seminatum,</strong></span> <span class='ocrx_word' id='word_1_272' title='bbox 1002 3209 1075 3252; x_wconf 90' lang='lat' dir='ltr'><strong>cum</strong></span> <span class='ocrx_word' id='word_1_273' title='bbox 1095 3189 1109 3272; x_wconf 89' lang='lat' dir='ltr'><strong>j</strong></span> <span class='ocrx_word' id='word_1_274' title='bbox 1133 3209 1216 3272; x_wconf 86' lang='lat' dir='ltr'><strong>equo</strong></span> 
     </span>
     <span class='ocr_line' id='line_1_30' title="bbox 92 3275 1216 3359; baseline 0.004 -23"><span class='ocrx_word' id='word_1_275' title='bbox 92 3280 121 3336; x_wconf 89' lang='lat' dir='ltr'><strong>et</strong></span> <span class='ocrx_word' id='word_1_276' title='bbox 134 3275 254 3342; x_wconf 90' lang='lat' dir='ltr'><strong>duobus</strong></span> <span class='ocrx_word' id='word_1_277' title='bbox 278 3329 285 3342; x_wconf 94' lang='lat'><strong>.</strong></span> <span class='ocrx_word' id='word_1_278' title='bbox 309 3329 315 3342; x_wconf 93' lang='lat'><strong>.</strong></span> <span class='ocrx_word' id='word_1_279' title='bbox 339 3327 346 3342; x_wconf 88' lang='lat'><strong>.</strong></span> <span class='ocrx_word' id='word_1_280' title='bbox 369 3298 490 3342; x_wconf 86' lang='lat' dir='ltr'><strong>marcas</strong></span> <span class='ocrx_word' id='word_1_281' title='bbox 506 3276 673 3342; x_wconf 88' lang='lat' dir='ltr'><strong>solvendas</strong></span> <span class='ocrx_word' id='word_1_282' title='bbox 689 3276 730 3340; x_wconf 90' lang='lat' dir='ltr'><strong>ad</strong></span> <span class='ocrx_word' id='word_1_283' title='bbox 744 3277 897 3340; x_wconf 88' lang='lat' dir='ltr'><strong>terminos</strong></span> <span class='ocrx_word' id='word_1_284' title='bbox 912 3275 1117 3359; x_wconf 87' lang='lat' dir='ltr'><strong>subscriptos,</strong></span> <span class='ocrx_word' id='word_1_285' title='bbox 1127 3275 1216 3340; x_wconf 89' lang='lat' dir='ltr'><strong>vide-</strong></span> 
     </span>
     <span class='ocr_line' id='line_1_31' title="bbox 91 3357 1214 3447; baseline 0.005 -27"><span class='ocrx_word' id='word_1_286' title='bbox 91 3357 160 3424; x_wconf 91' lang='lat' dir='ltr'><strong>licet</strong></span> <span class='ocrx_word' id='word_1_287' title='bbox 181 3365 221 3427; x_wconf 90' lang='lat' dir='ltr'><strong>ad</strong></span> <span class='ocrx_word' id='word_1_288' title='bbox 243 3365 364 3428; x_wconf 88' lang='lat' dir='ltr'><strong>festum</strong></span> <span class='ocrx_word' id='word_1_289' title='bbox 386 3365 422 3429; x_wconf 88' lang='lat' dir='ltr'><strong>B.</strong></span> <span class='ocrx_word' id='word_1_290' title='bbox 445 3365 532 3428; x_wconf 88' lang='lat' dir='ltr'><strong>Petri</strong></span> <span class='ocrx_word' id='word_1_291' title='bbox 554 3363 594 3427; x_wconf 88' lang='lat' dir='ltr'><strong>ad</strong></span> <span class='ocrx_word' id='word_1_292' title='bbox 609 3363 750 3428; x_wconf 87' lang='lat' dir='ltr'><strong>Vincula</strong></span> <span class='ocrx_word' id='word_1_293' title='bbox 771 3364 785 3447; x_wconf 87' lang='lat' dir='ltr'>j</span> <span class='ocrx_word' id='word_1_294' title='bbox 810 3383 959 3439; x_wconf 90' lang='lat' dir='ltr'><strong>marcam,</strong></span> <span class='ocrx_word' id='word_1_295' title='bbox 981 3363 1022 3426; x_wconf 92' lang='lat' dir='ltr'><strong>ad</strong></span> <span class='ocrx_word' id='word_1_296' title='bbox 1044 3363 1165 3426; x_wconf 90' lang='lat' dir='ltr'><strong>festum</strong></span> <span class='ocrx_word' id='word_1_297' title='bbox 1183 3362 1214 3426; x_wconf 86' lang='lat' dir='ltr'><strong>S.</strong></span> 
     </span>
     <span class='ocr_line' id='line_1_32' title="bbox 93 3445 1217 3535; baseline 0.004 -27"><span class='ocrx_word' id='word_1_298' title='bbox 93 3445 217 3512; x_wconf 83' lang='lat' dir='ltr'><strong>Martini</strong></span> <span class='ocrx_word' id='word_1_299' title='bbox 240 3452 254 3534; x_wconf 88' lang='lat' dir='ltr'>j</span> <span class='ocrx_word' id='word_1_300' title='bbox 281 3502 287 3515; x_wconf 94' lang='lat'><strong>.</strong></span> <span class='ocrx_word' id='word_1_301' title='bbox 310 3501 317 3514; x_wconf 91' lang='lat'><strong>.</strong></span> <span class='ocrx_word' id='word_1_302' title='bbox 341 3501 357 3527; x_wconf 92' lang='lat'><strong>.,</strong></span> <span class='ocrx_word' id='word_1_303' title='bbox 382 3450 482 3535; x_wconf 90' lang='lat' dir='ltr'><strong>[room</strong></span> <span class='ocrx_word' id='word_1_304' title='bbox 510 3451 560 3515; x_wconf 88' lang='lat' dir='ltr'><strong>for</strong></span> <span class='ocrx_word' id='word_1_305' title='bbox 589 3449 722 3514; x_wconf 91' lang='lat' dir='ltr'><strong>another</strong></span> <span class='ocrx_word' id='word_1_306' title='bbox 750 3450 873 3513; x_wconf 91' lang='lat' dir='ltr'><strong>similar</strong></span> <span class='ocrx_word' id='word_1_307' title='bbox 904 3449 1081 3532; x_wconf 86' lang='lat' dir='ltr'><strong>payment]‚</strong></span> <span class='ocrx_word' id='word_1_308' title='bbox 1113 3455 1146 3512; x_wconf 90' lang='lat' dir='ltr'><strong>et</strong></span> <span class='ocrx_word' id='word_1_309' title='bbox 1175 3448 1217 3512; x_wconf 90' lang='lat' dir='ltr'><strong>ad</strong></span> 
     </span>
     <span class='ocr_line' id='line_1_33' title="bbox 93 3531 1217 3620; baseline 0.005 -27"><span class='ocrx_word' id='word_1_310' title='bbox 93 3531 230 3620; x_wconf 88' lang='lat' dir='ltr'><strong>Paschaj</strong></span> <span class='ocrx_word' id='word_1_311' title='bbox 248 3557 395 3602; x_wconf 89' lang='lat' dir='ltr'><strong>marcam.</strong></span> <span class='ocrx_word' id='word_1_312' title='bbox 408 3576 451 3586; x_wconf 92' lang='lat'>—</span> <span class='ocrx_word' id='word_1_313' title='bbox 462 3538 702 3602; x_wconf 90' lang='lat' dir='ltr'><strong>Incrementum</strong></span> <span class='ocrx_word' id='word_1_314' title='bbox 719 3542 762 3600; x_wconf 87' lang='lat' dir='ltr'><strong>5s.</strong></span> <span class='ocrx_word' id='word_1_315' title='bbox 777 3535 962 3600; x_wconf 90' lang='lat' dir='ltr'><strong>Willelmus</strong></span> <span class='ocrx_word' id='word_1_316' title='bbox 984 3535 1070 3600; x_wconf 89' lang='lat' dir='ltr'><strong>filius</strong></span> <span class='ocrx_word' id='word_1_317' title='bbox 1087 3536 1217 3600; x_wconf 85' lang='lat' dir='ltr'><strong>Thomas</strong></span> 
     </span>
     <span class='ocr_line' id='line_1_34' title="bbox 94 3617 1217 3707; baseline 0.004 -27"><span class='ocrx_word' id='word_1_318' title='bbox 94 3617 129 3682; x_wconf 89' lang='lat' dir='ltr'><strong>de</strong></span> <span class='ocrx_word' id='word_1_319' title='bbox 143 3621 290 3706; x_wconf 86' lang='lat' dir='ltr'><strong>Slaueley</strong></span> <span class='ocrx_word' id='word_1_320' title='bbox 303 3624 389 3707; x_wconf 91' lang='lat' dir='ltr'><strong>cepit</strong></span> <span class='ocrx_word' id='word_1_321' title='bbox 403 3645 506 3687; x_wconf 92' lang='lat' dir='ltr'><strong>unum</strong></span> <span class='ocrx_word' id='word_1_322' title='bbox 527 3623 645 3686; x_wconf 85' lang='lat' dir='ltr'><strong>toftum</strong></span> <span class='ocrx_word' id='word_1_323' title='bbox 661 3627 694 3687; x_wconf 88' lang='lat' dir='ltr'><strong>et</strong></span> <span class='ocrx_word' id='word_1_324' title='bbox 708 3643 753 3686; x_wconf 83' lang='lat' dir='ltr'><strong>xv</strong></span> <span class='ocrx_word' id='word_1_325' title='bbox 775 3643 862 3686; x_wconf 87' lang='lat' dir='ltr'><strong>acras</strong></span> <span class='ocrx_word' id='word_1_326' title='bbox 883 3626 983 3698; x_wconf 88' lang='lat' dir='ltr'><strong>terrae,</strong></span> <span class='ocrx_word' id='word_1_327' title='bbox 997 3643 1096 3686; x_wconf 90' lang='lat' dir='ltr'><strong>unam</strong></span> <span class='ocrx_word' id='word_1_328' title='bbox 1111 3643 1217 3686; x_wconf 89' lang='lat' dir='ltr'><strong>acram</strong></span> 
     </span>
     <span class='ocr_line' id='line_1_35' title="bbox 95 3707 1216 3793; baseline 0.002 -23"><span class='ocrx_word' id='word_1_329' title='bbox 95 3710 124 3767; x_wconf 85' lang='lat' dir='ltr'><strong>et</strong></span> <span class='ocrx_word' id='word_1_330' title='bbox 136 3707 174 3772; x_wconf 91' lang='lat' dir='ltr'><strong>di.</strong></span> <span class='ocrx_word' id='word_1_331' title='bbox 189 3711 275 3792; x_wconf 88' lang='lat' dir='ltr'><strong>prati</strong></span> <span class='ocrx_word' id='word_1_332' title='bbox 296 3710 336 3774; x_wconf 91' lang='lat' dir='ltr'><strong>de</strong></span> <span class='ocrx_word' id='word_1_333' title='bbox 351 3716 435 3775; x_wconf 89' lang='lat' dir='ltr'><strong>terra</strong></span> <span class='ocrx_word' id='word_1_334' title='bbox 450 3731 547 3793; x_wconf 88' lang='lat' dir='ltr'><strong>quam</strong></span> <span class='ocrx_word' id='word_1_335' title='bbox 561 3710 745 3774; x_wconf 89' lang='lat' dir='ltr'><strong>Willelmus</strong></span> <span class='ocrx_word' id='word_1_336' title='bbox 761 3709 800 3772; x_wconf 92' lang='lat' dir='ltr'><strong>de</strong></span> <span class='ocrx_word' id='word_1_337' title='bbox 823 3760 829 3773; x_wconf 93' lang='lat'><strong>.</strong></span> <span class='ocrx_word' id='word_1_338' title='bbox 854 3759 860 3774; x_wconf 90' lang='lat'><strong>.</strong></span> <span class='ocrx_word' id='word_1_339' title='bbox 884 3758 891 3773; x_wconf 91' lang='lat'><strong>.</strong></span> <span class='ocrx_word' id='word_1_340' title='bbox 914 3709 1030 3785; x_wconf 90' lang='lat' dir='ltr'><strong>tenuit,</strong></span> <span class='ocrx_word' id='word_1_341' title='bbox 1044 3708 1130 3772; x_wconf 89' lang='lat' dir='ltr'><strong>redd.</strong></span> <span class='ocrx_word' id='word_1_342' title='bbox 1146 3729 1176 3791; x_wconf 93' lang='lat' dir='ltr'><strong>p.</strong></span> <span class='ocrx_word' id='word_1_343' title='bbox 1189 3727 1216 3772; x_wconf 90' lang='lat' dir='ltr'><strong>a.</strong></span> 
     </span>
     <span class='ocr_line' id='line_1_36' title="bbox 97 3794 1216 3879; baseline 0.002 -23"><span class='ocrx_word' id='word_1_344' title='bbox 97 3795 154 3857; x_wconf 81' lang='lat' dir='ltr'><strong>lta.</strong></span> <span class='ocrx_word' id='word_1_345' title='bbox 182 3815 238 3878; x_wconf 91' lang='lat' dir='ltr'><strong>pro</strong></span> <span class='ocrx_word' id='word_1_346' title='bbox 269 3797 435 3876; x_wconf 82' lang='lat' dir='ltr'><strong>omnibua3</strong></span> <span class='ocrx_word' id='word_1_347' title='bbox 465 3796 617 3860; x_wconf 91' lang='lat' dir='ltr'><strong>solvendo</strong></span> <span class='ocrx_word' id='word_1_348' title='bbox 646 3797 782 3879; x_wconf 88' lang='lat' dir='ltr'><strong>primam</strong></span> <span class='ocrx_word' id='word_1_349' title='bbox 813 3795 937 3858; x_wconf 87' lang='lat' dir='ltr'><strong>firmam</strong></span> <span class='ocrx_word' id='word_1_350' title='bbox 967 3795 1007 3858; x_wconf 93' lang='lat' dir='ltr'><strong>ad</strong></span> <span class='ocrx_word' id='word_1_351' title='bbox 1036 3795 1156 3858; x_wconf 90' lang='lat' dir='ltr'><strong>festum</strong></span> <span class='ocrx_word' id='word_1_352' title='bbox 1186 3794 1216 3858; x_wconf 86' lang='lat' dir='ltr'><strong>S.</strong></span> 
     </span>
     <span class='ocr_line' id='line_1_37' title="bbox 96 3875 978 3966; baseline 0.005 -26"><span class='ocrx_word' id='word_1_353' title='bbox 96 3875 221 3945; x_wconf 83' lang='lat' dir='ltr'><strong>Martini</strong></span> <span class='ocrx_word' id='word_1_354' title='bbox 235 3884 272 3946; x_wconf 91' lang='lat' dir='ltr'><strong>in</strong></span> <span class='ocrx_word' id='word_1_355' title='bbox 286 3882 409 3965; x_wconf 87' lang='lat' dir='ltr'><strong>hyeme,</strong></span> <span class='ocrx_word' id='word_1_356' title='bbox 424 3903 517 3959; x_wconf 90' lang='lat' dir='ltr'><strong>anno,</strong></span> <span class='ocrx_word' id='word_1_357' title='bbox 532 3888 600 3958; x_wconf 83' lang='lat' dir='ltr'><strong>eta,</strong></span> <span class='ocrx_word' id='word_1_358' title='bbox 614 3883 819 3966; x_wconf 88' lang='lat' dir='ltr'><strong>nonagesimo</strong></span> <span class='ocrx_word' id='word_1_359' title='bbox 834 3882 978 3965; x_wconf 90' lang='lat' dir='ltr'><strong>septimo.</strong></span> 
     </span>
    </p>

    <p class='ocr_par' dir='ltr' id='par_1_4' title="bbox 97 3965 1221 4312">
     <span class='ocr_line' id='line_1_38' title="bbox 135 3965 1218 4052; baseline 0.001 -22"><span class='ocrx_word' id='word_1_360' title='bbox 135 3965 254 4033; x_wconf 80' lang='lat' dir='ltr'><strong>OUPUN.</strong></span> <span class='ocrx_word' id='word_1_361' title='bbox 299 3971 323 4034; x_wconf 83' lang='lat' dir='ltr'>J</span> <span class='ocrx_word' id='word_1_362' title='bbox 324 3969 465 4033; x_wconf 88' lang='lat' dir='ltr'><strong>ohannes</strong></span> <span class='ocrx_word' id='word_1_363' title='bbox 480 3969 565 4033; x_wconf 91' lang='lat' dir='ltr'><strong>filius</strong></span> <span class='ocrx_word' id='word_1_364' title='bbox 587 3970 703 4052; x_wconf 79' lang='lat' dir='ltr'><strong>Rogeci</strong></span> <span class='ocrx_word' id='word_1_365' title='bbox 720 3969 807 4051; x_wconf 91' lang='lat' dir='ltr'><strong>cepit</strong></span> <span class='ocrx_word' id='word_1_366' title='bbox 827 3969 946 4031; x_wconf 84' lang='lat' dir='ltr'><strong>tostum</strong></span> <span class='ocrx_word' id='word_1_367' title='bbox 967 3972 1001 4030; x_wconf 92' lang='lat' dir='ltr'><strong>et</strong></span> <span class='ocrx_word' id='word_1_368' title='bbox 1022 3967 1218 4050; x_wconf 89' lang='lat' dir='ltr'><strong>bondagium</strong></span> 
     </span>
     <span class='ocr_line' id='line_1_39' title="bbox 97 4052 1219 4139; baseline 0.006 -28"><span class='ocrx_word' id='word_1_369' title='bbox 97 4052 210 4117; x_wconf 90' lang='lat' dir='ltr'><strong>nudum</strong></span> <span class='ocrx_word' id='word_1_370' title='bbox 225 4056 295 4120; x_wconf 88' lang='lat' dir='ltr'><strong>sine</strong></span> <span class='ocrx_word' id='word_1_371' title='bbox 309 4076 391 4139; x_wconf 89' lang='lat' dir='ltr'><strong>equo</strong></span> <span class='ocrx_word' id='word_1_372' title='bbox 407 4061 440 4120; x_wconf 88' lang='lat' dir='ltr'><strong>et</strong></span> <span class='ocrx_word' id='word_1_373' title='bbox 453 4056 543 4132; x_wconf 88' lang='lat' dir='ltr'><strong>bove,</strong></span> <span class='ocrx_word' id='word_1_374' title='bbox 565 4061 599 4119; x_wconf 92' lang='lat' dir='ltr'><strong>et</strong></span> <span class='ocrx_word' id='word_1_375' title='bbox 616 4075 715 4118; x_wconf 89' lang='lat' dir='ltr'><strong>unam</strong></span> <span class='ocrx_word' id='word_1_376' title='bbox 736 4054 872 4118; x_wconf 89' lang='lat' dir='ltr'><strong>salinam</strong></span> <span class='ocrx_word' id='word_1_377' title='bbox 894 4053 980 4136; x_wconf 89' lang='lat' dir='ltr'><strong>quod</strong></span> <span class='ocrx_word' id='word_1_378' title='bbox 995 4053 1126 4136; x_wconf 89' lang='lat' dir='ltr'><strong>quidem</strong></span> <span class='ocrx_word' id='word_1_379' title='bbox 1140 4055 1219 4118; x_wconf 93' lang='lat' dir='ltr'><strong>bon-</strong></span> 
     </span>
     <span class='ocr_line' id='line_1_40' title="bbox 97 4133 1220 4226; baseline 0.002 -23"><span class='ocrx_word' id='word_1_380' title='bbox 97 4133 215 4220; x_wconf 84' lang='lat' dir='ltr'><strong>dagium</strong></span> <span class='ocrx_word' id='word_1_381' title='bbox 225 4147 329 4206; x_wconf 85' lang='lat' dir='ltr'><strong>mater</strong></span> <span class='ocrx_word' id='word_1_382' title='bbox 339 4143 407 4226; x_wconf 88' lang='lat' dir='ltr'><strong>ejus</strong></span> <span class='ocrx_word' id='word_1_383' title='bbox 418 4142 533 4218; x_wconf 89' lang='lat' dir='ltr'><strong>tenuit,</strong></span> <span class='ocrx_word' id='word_1_384' title='bbox 546 4147 579 4206; x_wconf 90' lang='lat' dir='ltr'><strong>et</strong></span> <span class='ocrx_word' id='word_1_385' title='bbox 590 4141 680 4205; x_wconf 88' lang='lat' dir='ltr'><strong>dabit</strong></span> <span class='ocrx_word' id='word_1_386' title='bbox 692 4141 832 4204; x_wconf 89' lang='lat' dir='ltr'><strong>Domino</strong></span> <span class='ocrx_word' id='word_1_387' title='bbox 843 4140 946 4203; x_wconf 88' lang='lat' dir='ltr'><strong>Priori</strong></span> <span class='ocrx_word' id='word_1_388' title='bbox 961 4140 1054 4223; x_wconf 89' lang='lat' dir='ltr'><strong>d[uas</strong></span> <span class='ocrx_word' id='word_1_389' title='bbox 1066 4141 1220 4224; x_wconf 88' lang='lat' dir='ltr'><strong>mar]cas:</strong></span> 
     </span>
     <span class='ocr_line' id='line_1_41' title="bbox 99 4223 1221 4312; baseline 0.006 -30"><span class='ocrx_word' id='word_1_390' title='bbox 99 4223 264 4312; x_wconf 89' lang='lat' dir='ltr'><strong>solvendoj</strong></span> <span class='ocrx_word' id='word_1_391' title='bbox 281 4249 421 4293; x_wconf 90' lang='lat' dir='ltr'><strong>marcam</strong></span> <span class='ocrx_word' id='word_1_392' title='bbox 434 4229 483 4292; x_wconf 88' lang='lat' dir='ltr'><strong>ad</strong></span> <span class='ocrx_word' id='word_1_393' title='bbox 498 4230 587 4293; x_wconf 91' lang='lat' dir='ltr'><strong>Pent.</strong></span> <span class='ocrx_word' id='word_1_394' title='bbox 604 4247 697 4304; x_wconf 88' lang='lat' dir='ltr'><strong>anno,</strong></span> <span class='ocrx_word' id='word_1_395' title='bbox 715 4232 785 4304; x_wconf 80' lang='lat' dir='ltr'><strong>eto,</strong></span> <span class='ocrx_word' id='word_1_396' title='bbox 798 4227 1004 4309; x_wconf 88' lang='lat' dir='ltr'><strong>nonagesimo</strong></span> <span class='ocrx_word' id='word_1_397' title='bbox 1026 4227 1176 4310; x_wconf 72' lang='lat' dir='ltr'><strong>septimo·</strong></span> <span class='ocrx_word' id='word_1_398' title='bbox 1187 4233 1221 4290; x_wconf 89' lang='lat' dir='ltr'><strong>et</strong></span> 
     </span>
    </p>
   </div>
   <div class='ocr_carea' id='block_1_3' title="bbox 98 4303 1331 4657">
    <p class='ocr_par' dir='ltr' id='par_1_5' title="bbox 98 4303 1331 4657">
     <span class='ocr_line' id='line_1_42' title="bbox 98 4303 1331 4399; baseline 0.006 -31"><span class='ocrx_word' id='word_1_399' title='bbox 98 4308 135 4370; x_wconf 89' lang='lat' dir='ltr'><strong>ad</strong></span> <span class='ocrx_word' id='word_1_400' title='bbox 153 4311 269 4378; x_wconf 89' lang='lat' dir='ltr'><strong>festum</strong></span> <span class='ocrx_word' id='word_1_401' title='bbox 291 4317 327 4379; x_wconf 91' lang='lat' dir='ltr'><strong>B.</strong></span> <span class='ocrx_word' id='word_1_402' title='bbox 343 4315 513 4379; x_wconf 87' lang='lat' dir='ltr'><strong>Michaelis</strong></span> <span class='ocrx_word' id='word_1_403' title='bbox 534 4335 622 4398; x_wconf 79' lang='lat' dir='ltr'><strong>prox,</strong></span> <span class='ocrx_word' id='word_1_404' title='bbox 646 4334 781 4396; x_wconf 88' lang='lat' dir='ltr'><strong>sequens</strong></span> <span class='ocrx_word' id='word_1_405' title='bbox 803 4334 896 4390; x_wconf 90' lang='lat' dir='ltr'><strong>anno,</strong></span> <span class='ocrx_word' id='word_1_406' title='bbox 919 4315 1021 4396; x_wconf 89' lang='lat' dir='ltr'><strong>eto.‚j</strong></span> <span class='ocrx_word' id='word_1_407' title='bbox 1051 4313 1219 4399; x_wconf 86' lang='lat' dir='ltr'><strong>m[crcam]</strong></span> <span class='ocrx_word' id='word_1_408' title='bbox 1322 4303 1331 4322; x_wconf 87' lang='lat'>&#39;</span> 
     </span>
     <span class='ocr_line' id='line_1_43' title="bbox 99 4400 1220 4482; baseline -0.002 -19"><span class='ocrx_word' id='word_1_409' title='bbox 99 4401 311 4465; x_wconf 71' lang='lat' dir='ltr'><strong>...servicia</strong></span> <span class='ocrx_word' id='word_1_410' title='bbox 340 4402 448 4465; x_wconf 87' lang='lat' dir='ltr'><strong>debita</strong></span> <span class='ocrx_word' id='word_1_411' title='bbox 472 4408 505 4465; x_wconf 90' lang='lat' dir='ltr'><strong>et</strong></span> <span class='ocrx_word' id='word_1_412' title='bbox 533 4400 938 4465; x_wconf 71' lang='lat' dir='ltr'><strong>consueta—Willelmus</strong></span> <span class='ocrx_word' id='word_1_413' title='bbox 968 4400 1054 4463; x_wconf 88' lang='lat' dir='ltr'><strong>filius</strong></span> <span class='ocrx_word' id='word_1_414' title='bbox 1083 4400 1220 4482; x_wconf 86' lang='lat' dir='ltr'><strong>Agnetis</strong></span> 
     </span>
     <span class='ocr_line' id='line_1_44' title="bbox 99 4483 1221 4570; baseline 0.005 -29"><span class='ocrx_word' id='word_1_415' title='bbox 99 4483 180 4546; x_wconf 89' lang='lat' dir='ltr'><strong>venit</strong></span> <span class='ocrx_word' id='word_1_416' title='bbox 200 4493 232 4550; x_wconf 90' lang='lat' dir='ltr'><strong>et</strong></span> <span class='ocrx_word' id='word_1_417' title='bbox 245 4488 385 4552; x_wconf 90' lang='lat' dir='ltr'><strong>reddidit</strong></span> <span class='ocrx_word' id='word_1_418' title='bbox 405 4489 546 4551; x_wconf 88' lang='lat' dir='ltr'><strong>Domino</strong></span> <span class='ocrx_word' id='word_1_419' title='bbox 568 4487 670 4551; x_wconf 86' lang='lat' dir='ltr'><strong>Priori</strong></span> <span class='ocrx_word' id='word_1_420' title='bbox 685 4487 846 4570; x_wconf 88' lang='lat' dir='ltr'><strong>quoddam</strong></span> <span class='ocrx_word' id='word_1_421' title='bbox 867 4487 1061 4570; x_wconf 89' lang='lat' dir='ltr'><strong>bondagium</strong></span> <span class='ocrx_word' id='word_1_422' title='bbox 1076 4491 1108 4549; x_wconf 90' lang='lat' dir='ltr'><strong>et</strong></span> <span class='ocrx_word' id='word_1_423' title='bbox 1122 4505 1221 4547; x_wconf 90' lang='lat' dir='ltr'><strong>unam</strong></span> 
     </span>
     <span class='ocr_line' id='line_1_45' title="bbox 101 4567 1221 4657; baseline 0 -25"><span class='ocrx_word' id='word_1_424' title='bbox 101 4567 223 4637; x_wconf 85' lang='lat' dir='ltr'><strong>salinam</strong></span> <span class='ocrx_word' id='word_1_425' title='bbox 252 4596 324 4657; x_wconf 85' lang='lat' dir='ltr'><strong>quae</strong></span> <span class='ocrx_word' id='word_1_426' title='bbox 353 4576 393 4640; x_wconf 90' lang='lat' dir='ltr'><strong>de</strong></span> <span class='ocrx_word' id='word_1_427' title='bbox 422 4595 458 4639; x_wconf 90' lang='lat' dir='ltr'><strong>eo</strong></span> <span class='ocrx_word' id='word_1_428' title='bbox 487 4575 601 4639; x_wconf 88' lang='lat' dir='ltr'><strong>tenuit.</strong></span> <span class='ocrx_word' id='word_1_429' title='bbox 647 4574 740 4650; x_wconf 78' lang='lat' dir='ltr'><strong>Quod</strong></span> <span class='ocrx_word' id='word_1_430' title='bbox 770 4575 900 4656; x_wconf 90' lang='lat' dir='ltr'><strong>quidem</strong></span> <span class='ocrx_word' id='word_1_431' title='bbox 932 4571 1152 4656; x_wconf 89' lang='lat' dir='ltr'><strong>[bondagium]</strong></span> <span class='ocrx_word' id='word_1_432' title='bbox 1188 4577 1221 4634; x_wconf 88' lang='lat' dir='ltr'><strong>et</strong></span> 
     </span>
    </p>
   </div>
   <div class='ocr_carea' id='block_1_4' title="bbox 0 0 1564 5222">
    <p class='ocr_par' dir='ltr' id='par_1_6' title="bbox 0 0 1564 5222">
     <span class='ocr_line' id='line_1_46' title="bbox 0 0 1564 5222; baseline 0 0"><span class='ocrx_word' id='word_1_433' title='bbox 0 0 1564 5222; x_wconf 95' lang='lat' dir='ltr'><strong> </strong></span> 
     </span>
    </p>
   </div>
  </div>
 </body>
</html>
