3224 5212
265 557 326 616 152
520 563 1132 614 rrinnorirmomrnononrinmsrs.
1309 548 1406 610 1378.

264 723 429 788 defament
455 724 511 787 alii
540 721 610 810 [cio]
639 725 674 786 in
697 723 804 787 verbis
827 722 880 786 vel
911 723 1014 798 factis,
1037 723 1097 786 sub
1127 741 1222 804 poena
1248 721 1282 783 xl
1292 742 1314 784 s.
1339 721 1405 784 sol-

264 811 357 874 vend.
374 817 432 875 eto.
478 811 521 874 Et
544 812 612 874 dies
636 811 731 874 datus
754 817 804 874 est
818 810 909 873 Will.
933 810 1082 890 Ouirour,
1106 808 1179 872 Joh.
1197 809 1312 884 Smin,
1327 808 1404 872 Joh.

265 897 305 961 de
327 897 421 982 Fery,
448 898 524 980 Rog.
548 897 753 974 Arowemith,
780 905 814 960 et
834 897 924 960 Will.
949 897 1043 980 Byng
1069 895 1154 978 quod
1176 896 1344 979 inquirant
1370 902 1407 959 et

265 993 462 1068 praesentent
484 986 568 1048 Terr.
587 983 673 1068 apud
700 984 852 1047 Dunelm.
877 983 950 1067 quis
976 983 1152 1047 defamavit
1178 983 1256 1046 Rob.
1272 983 1405 1045 Robson

265 1081 299 1136 et
326 1072 499 1136 Mariotam
522 1092 622 1146 uxor..
644 1078 677 1135 et
703 1072 805 1134 eciam
832 1071 1027 1153 noctivagos,
1050 1070 1102 1134 die
1130 1070 1292 1132 dominica
1313 1090 1404 1152 prox.

265 1165 342 1222 ente
364 1159 559 1222 dominicam
582 1159 694 1221 Ramis
716 1158 848 1240 palmer.
875 1159 936 1221 sub
962 1178 1059 1240 poena
1082 1177 1170 1232 xxa,
1192 1163 1225 1220 et
1250 1157 1351 1220 eciam
1375 1156 1406 1220 si

266 1245 340 1311 Joh.
368 1246 408 1309 de
437 1247 521 1329 Fery
551 1245 729 1308 defamavit
758 1265 892 1309 uxorein
921 1243 996 1308 Joh.
1021 1245 1140 1319 Doket‚
1163 1243 1305 1307 vocando
1331 1264 1405 1307 eam

194 1351 197 1358 ’
267 1333 471 1396 meretricem
487 1339 520 1396 et
535 1331 703 1396 latronem.

309 1419 459 1482 Diaron.
504 1419 696 1502 Injunctum
722 1425 771 1482 eet
797 1419 948 1482 omnibus
974 1423 1039 1481 ten.
1062 1418 1158 1492 villae,
1184 1417 1270 1501 quod
1292 1417 1405 1480 nuilus

266 1527 377 1570 eorum
392 1506 585 1589 permittant
599 1507 708 1589 aliqua
723 1506 830 1569 averia
853 1525 912 1570 aua
933 1505 1053 1568 intrare
1075 1506 1160 1588 gard.
1176 1525 1250 1568 suas
1266 1504 1307 1567 ad
1329 1525 1405 1567 con-

266 1593 411 1657 culcanti
427 1593 514 1658 olera
535 1613 596 1657 nec
618 1593 728 1677 aliqua
742 1592 806 1656 alia
822 1593 1000 1657 necessaria
1015 1593 1101 1655 infra
1122 1592 1207 1675 gard.
1224 1592 1405 1654 vicinorum

267 1680 457 1758 crescencio,
478 1681 539 1746 sub
569 1701 666 1764 poena
695 1680 740 1763 xij
753 1679 781 1744 d.
814 1680 956 1744 solvend.
984 1685 1042 1743 etc.
1099 1679 1150 1742 De
1176 1680 1297 1742 Thema
1321 1679 1403 1742 firm.

266 1767 403 1831 manerii
425 1788 483 1851 pro
503 1767 516 1851 j
541 1775 602 1832 cot.
623 1774 657 1831 et
677 1767 710 1851 vj
727 1787 754 1831 a.
779 1775 835 1831 ter.
852 1787 919 1830 voc.
935 1766 966 1830 le
982 1765 1166 1829 Smithland
1189 1771 1331 1848 occupat.
1347 1785 1406 1847 per

267 1854 376 1937 ipsum
399 1855 469 1920 sine
491 1855 643 1937 capcione
665 1875 723 1938 per
744 1854 780 1916 ix
794 1874 844 1917 an.
863 1853 970 1937 alapa,
985 1853 1132 1936 quolibet
1147 1873 1195 1916 an.
1212 1854 1243 1934 vj
1259 1873 1292 1928 a,
1307 1858 1406 1934 prout

268 1947 422 2024 compert.
447 1942 554 2005 iuerat
579 1942 615 2004 in
638 1941 805 2024 presencia
831 1940 915 2005 dom.
937 1940 1056 2004 Prioris
1080 1939 1274 2004 insecundo
1296 1947 1406 2002 turmo

268 2026 365 2092 holm.
382 2044 444 2092 nir.
462 2037 521 2093 eto.
537 2029 633 2093 lxxv⁰
647 2029 707 2110 liiij
720 2028 757 2092 s.¹

316 2121 407 2180 1379.
439 2114 610 2198 I.—Apud
635 2115 836 2197 Fatraynton
865 2135 971 2178 coram
995 2115 1145 2178 Dominis
1171 2113 1338 2176 Willelmo
1368 2112 1409 2176 de

267 2201 417 2284 Aslakby
431 2210 498 2278 ter,
522 2203 645 2266 Thema
667 2202 802 2284 Surtays
825 2221 900 2277 sen,
915 2210 948 2265 et
970 2202 1094 2265 Thonia
1115 2202 1215 2284 Legat
1236 2201 1332 2277 bura,
1354 2199 1409 2263 die

269 2289 386 2352 Martis
400 2309 489 2370 prox.
505 2296 579 2373 poet
590 2290 709 2351 festum
726 2288 800 2352 Nat.
818 2289 847 2352 S.
863 2289 885 2351 J
888 2288 1031 2352 ohannis.

313 2374 497 2440 Haemonii.
532 2376 583 2439 De
595 2375 685 2438 Will.
697 2375 838 2440 Ourrour
849 2380 882 2438 et
892 2376 915 2439 J
916 2377 966 2439 oh.
979 2377 1019 2439 de
1031 2377 1193 2458 Reynton‚
1204 2393 1260 2456 pro
1275 2379 1410 2455 pastura

268 2461 446 2546 pertinenti
475 2462 498 2544 ij
530 2462 625 2526 bond.
656 2463 698 2526 Is.
723 2463 825 2526 relict.
854 2463 922 2528 Ric.
949 2462 991 2526 fil.
1022 2463 1168 2537 Walten',
1184 2461 1317 2524 dimissa
1346 2461 1409 2523 hoo

269 2569 354 2612 anno
376 2549 444 2631 iiijt
490 2549 542 2612 De
563 2548 637 2612 Joh.
655 2549 801 2613 Matther
823 2570 881 2631 pro
903 2549 1008 2613 frisois
1027 2550 1210 2632 jacentibus
1230 2548 1265 2610 in
1281 2554 1408 2611 warect.

268 2635 507 2719 pertinentibus
523 2636 617 2720 praed.
634 2635 728 2699 bond.
744 2636 767 2718 ij
779 2657 801 2699 e.
818 2637 850 2719 vj
862 2636 891 2699 d.

314 2723 581 2786 Wnsrairnrora
627 2723 818 2806 Injunotum
848 2729 897 2786 est
927 2723 1077 2786 omnibus
1107 2729 1171 2786 ten.
1203 2721 1292 2785 villae
1320 2719 1409 2804 quod

270 2811 369 2874 errari
384 2811 505 2874 faciant
519 2810 566 2874 les
582 2810 666 2892 Leys
681 2818 783 2873 vocat.
800 2810 973 2885 Hudsmer,
989 2811 1050 2873 sub
1065 2829 1161 2892 poena
1176 2809 1211 2872 xl
1221 2809 1250 2872 d.

315 2899 518 2962 Moansnaw.
563 2897 638 2961 Joh.
665 2896 734 2960 Lile
760 2898 938 2980 asportavit
960 2898 983 2979 ij
1009 2895 1170 2979 coppelles
1197 2896 1237 2959 de
1266 2895 1342 2958 siles
1369 2894 1410 2958 de

270 2991 386 3048 tenura
412 2984 576 3068 quondam
602 2983 693 3047 Will.
708 2983 749 3046 de
772 2983 923 3047 Suthwik
945 3004 1048 3067 usque
1071 2985 1271 3065 Estraynton
1293 2980 1334 3044 ad
1357 3001 1410 3045 co·

271 3071 403 3134 modum
428 3092 523 3135 suum
549 3091 653 3155 usque
678 3071 720 3134 ad
745 3070 879 3134 liberam
902 3079 1020 3134 terram
1043 3071 1112 3134 sine
1127 3069 1262 3134 licencia
1276 3068 1411 3145 domini,

270 3158 344 3222 ideo
359 3157 477 3221 attach.
494 3158 535 3221 ad
547 3179 637 3242 prox.
654 3177 718 3221 our.
730 3195 774 3206 -—
785 3157 993 3240 Compertum
1016 3166 1065 3221 est
1088 3177 1145 3240 per
1163 3158 1226 3240 jur.
1242 3157 1328 3240 quod
1342 3176 1411 3219 una

270 3244 411 3327 grangia,
427 3245 591 3327 quondam
606 3245 642 3307 in
656 3252 772 3308 tenura
787 3245 911 3308 Emmae
934 3245 1043 3307 uxoris
1059 3245 1112 3308 del
1127 3245 1253 3320 Vikem‚
1270 3250 1411 3326 prostra-

271 3331 368 3393 batur
387 3331 423 3392 in
438 3341 553 3394 tenura
567 3331 670 3412 ipsius
692 3331 825 3406 Emmae,
840 3332 926 3395 unde
948 3352 1092 3414 grossum
1109 3331 1299 3396 meremium
1313 3331 1411 3393 liber-

271 3424 346 3480 atur
367 3436 425 3498 per
445 3417 534 3480 Wilh
559 3417 598 3480 de
621 3417 789 3480 Massham
812 3425 919 3483 terror.
943 3419 1078 3482 diversis
1101 3425 1175 3493 ten,
1191 3418 1277 3500 quod
1303 3422 1411 3500 potest

271 3502 411 3587 reparari
433 3523 491 3586 pro
513 3504 591 3585 xxvj
603 3523 626 3566 s.
647 3505 704 3586 viij
716 3505 755 3580 d.,
770 3505 856 3568 unde
878 3505 975 3589 praed.
998 3505 1103 3568 Adam
1126 3505 1179 3568 del
1194 3505 1324 3568 Wikers
1339 3501 1411 3588 [aio]

270 3589 496 3674 respondebit3
519 3597 552 3654 et
567 3610 664 3672 super
684 3591 746 3655 hoo
760 3592 857 3674 praed.
874 3593 981 3655 Adam
996 3593 1163 3674 injunctus
1178 3592 1242 3653 fuit
1256 3590 1296 3654 ad
1312 3590 1410 3654 oedifi-

271 3677 361 3742 cano
377 3677 473 3761 praed.
496 3677 660 3761 grangiam
684 3678 723 3741 de
746 3678 898 3742 meremio
920 3679 1043 3742 domini
1066 3679 1106 3743 de
1127 3679 1162 3760 iij
1187 3677 1348 3761 ooppelles
1370 3676 1411 3740 de

272 3765 349 3829 oiles
364 3765 434 3848 [aio]
450 3765 536 3828 iufra
550 3785 653 3828 unum
668 3785 793 3827 annum
807 3786 897 3849 prox.
914 3767 982 3841 fut,
998 3767 1059 3828 sub
1074 3786 1170 3848 poena
1185 3765 1220 3828 xl
1229 3785 1252 3828 s.

315 3853 538 3916 Pirrrnnrort.
598 3852 787 3934 Injunotum
826 3858 875 3915 est
912 3853 1061 3916 omnibus
1099 3862 1162 3916 ten.
1200 3851 1288 3914 villae
1324 3849 1411 3934 quod

271 3940 404 4003 veniant
415 3940 455 4002 ad
465 3940 750 4023 praemunicionem
761 3939 927 4022 praepositi
938 3939 979 4003 ad
988 3939 1152 4002 ordinand.
1163 3960 1219 4023 pro
1232 3937 1411 4002 communi-

303 4108 312 4138 1
330 4108 386 4159 The
403 4108 468 4160 fines
485 4109 527 4160 for
543 4111 640 4161 brooch
652 4111 680 4162 of
696 4111 779 4161 asciae
790 4111 819 4162 oi
834 4111 876 4161 ale
888 4128 933 4161 are
944 4111 1087 4176 unusually
1099 4127 1240 4162 numerous
1251 4114 1280 4162 at
1292 4111 1347 4161 thia
1358 4109 1413 4160 and

270 4174 317 4224 the
328 4174 472 4250 preceding
485 4179 556 4225 turn.
592 4177 668 4240 They
676 4176 788 4226 number
799 4181 828 4226 at
840 4177 894 4226 thia
905 4181 970 4228 turn
981 4179 1020 4227 49.
1057 4176 1410 4242 Itieintereetingtooom-

269 4255 333 4356 pare
345 4239 418 4289 them
431 4240 498 4289 with
510 4239 557 4289 the
567 4247 709 4304 paymente
725 4241 822 4307 during
838 4241 885 4291 the
896 4259 968 4291 same
979 4246 1043 4292 turn
1059 4243 1100 4291 for
1112 4241 1233 4292 Merohet
1247 4242 1285 4302 17,
1299 4240 1352 4290 and
1369 4239 1412 4290 for

294 4304 390 4371 eyrwit
408 4305 446 4354 12.
494 4305 545 4355 We
562 4305 630 4355 have
647 4323 681 4356 no
698 4323 789 4356 meana
806 4306 834 4356 oi
852 4308 1012 4357 aeoertainin
1051 4323 1117 4356 even
1133 4306 1346 4372 approximately
1362 4305 1411 4355 the

269 4369 426 4436 population
442 4368 471 4420 oi
486 4370 533 4419 the
549 4371 651 4420 several
670 4371 738 4433 villa,
751 4371 892 4422 otherwise
908 4389 949 4422 we
965 4373 1019 4437 mig
1039 4376 1051 4421 t
1067 4372 1136 4422 form
1154 4389 1225 4422 some
1242 4373 1303 4422 idea
1319 4372 1347 4420 of
1364 4371 1411 4420 the

269 4441 340 4487 atate
360 4435 389 4486 of
410 4435 536 4500 morality
552 4451 649 4501 among
670 4437 717 4486 the
737 4436 846 4486 inferior
865 4441 973 4487 tenants
993 4437 1021 4487 of
1043 4437 1089 4487 the
1107 4438 1184 4488 Prior
1204 4441 1233 4488 at
1255 4438 1311 4487 this
1332 4437 1406 4486 time.

269 4501 374 4567 During
389 4501 438 4552 the
473 4501 578 4550 revioue
595 4506 659 4550 turn
675 4502 722 4551 the
739 4502 865 4552 numbers
875 4519 944 4552 were
961 4503 1003 4553 for
1018 4503 1115 4552 brooch
1132 4503 1161 4553 oi
1177 4503 1258 4553 assiae
1270 4502 1298 4553 of
1313 4501 1355 4551 ale
1365 4503 1408 4561 57,

269 4567 393 4618 Merohet
403 4569 428 4628 4,
465 4567 562 4632 eyrwit
575 4568 612 4616 19.
