3250 5214
312 571 373 630 158
566 581 723 628 HALMOTA
738 580 920 628 PRIORATUS
935 580 1176 629 DUNELMENSIS.
1355 568 1452 629 1379.

310 741 370 804 vic.
386 746 444 804 etc.
468 740 512 802 Et
523 738 564 801 ad
575 739 684 801 omnia
698 738 864 821 praemissa
875 737 1014 802 fideliter
1028 746 1092 802 ten.
1109 745 1142 802 et
1157 738 1370 822 perimplend.
1390 739 1452 803 hos

311 827 437 891 invenit
452 826 652 909 fidejussores
667 825 690 889 J
692 826 743 891 oh.
760 826 868 889 Smith
883 832 916 889 et
931 825 1005 889 Job
1021 825 1156 889 Duket.¹
1202 825 1346 890 Gres’ma
1361 826 1398 889 xl
1407 827 1438 890 d.

354 915 587 978 Brrrrxornn.
631 913 683 976 De
712 912 786 977 Joh.
817 914 955 976 Tomson
985 933 1044 995 pro
1073 920 1170 977 trans.
1202 914 1287 977 facta
1317 914 1452 977 Thomae

312 1001 483 1086 Meryman
506 1001 615 1082 ipsum
637 999 855 1082 percusciend.
887 1004 998 1063 contra
1026 1020 1156 1081 poenam
1186 1000 1333 1082 positam,
1360 1000 1451 1063 xxii

312 1089 396 1173 Pleg.
425 1087 670 1172 [olaan-Rob.
697 1085 847 1168 Hardgill
873 1087 964 1150 venit
993 1087 1046 1151 die
1075 1087 1237 1150 dominica
1259 1107 1350 1171 prox.
1376 1095 1453 1171 post

311 1177 382 1239 fest.
400 1176 429 1240 S.
446 1175 550 1238 Marci
565 1185 597 1236 a0
611 1173 704 1236 lxxix
719 1173 805 1256 apud
821 1174 973 1238 Dunelm.
990 1179 1023 1237 et
1037 1175 1123 1256 cepit
1134 1175 1148 1257 j
1165 1180 1224 1238 cot.
1240 1181 1273 1238 et
1288 1174 1323 1238 ix
1333 1195 1377 1238 ac.
1391 1181 1451 1238 ter.

312 1262 506 1325 ---Rob.
531 1259 684 1344 Hardgill
715 1260 805 1343 [with
834 1268 891 1324 two
921 1261 1032 1344 others]
1063 1267 1218 1344 cepemnt
1246 1261 1385 1325 molend.
1410 1262 1452 1325 de

312 1348 627 1432 Billynghamschire
649 1368 668 1410 a
690 1347 772 1411 festo
796 1348 1014 1431 conceptionis
1037 1348 1072 1411 B.
1088 1349 1133 1412 M.
1158 1369 1244 1411 anno
1273 1355 1331 1412 eto.
1355 1349 1451 1411 lxxix

312 1456 414 1519 usque
429 1439 499 1498 fest.
513 1436 543 1499 S.
556 1434 661 1497 Marci
670 1451 731 1497 au,
747 1434 862 1517 lxxxij,
876 1435 962 1499 redd.
973 1436 1143 1499 annuatim
1158 1435 1215 1498 xix
1224 1434 1256 1497 11.
1269 1440 1390 1518 argent
1407 1471 1421 1483 -
1437 1473 1451 1484 -

310 1524 406 1587 -De
420 1521 510 1585 Wiil.
527 1522 580 1585 Ka
603 1528 637 1585 et
650 1520 758 1584 Alicia
781 1522 890 1585 uxoris
913 1543 979 1586 suae
1005 1520 1077 1608 [sic]
1099 1522 1176 1604 quia
1197 1522 1452 1587 tabernaverunt

307 1611 321 1693 j
338 1616 398 1674 oot.
414 1608 585 1692 pertinent.
602 1629 646 1671 xv
660 1628 705 1671 ao.
721 1613 777 1673 ter.
794 1610 816 1672 J
818 1608 867 1672 oh.
884 1609 1009 1673 Lassels
1025 1616 1057 1672 et
1080 1609 1122 1672 Ie.
1140 1609 1180 1672 de
1195 1609 1365 1692 Herdwyk
1380 1611 1451 1674 sine

310 1697 420 1761 liceno.
432 1697 524 1772 dom,
535 1702 632 1779 prout
643 1703 793 1779 compert.
806 1702 864 1772 est,
878 1697 923 1780 xij
940 1697 979 1772 d.,
991 1703 1024 1760 et
1035 1696 1131 1780 praed.
1144 1703 1204 1760 cot.
1217 1703 1250 1760 et
1261 1702 1318 1760 ter.
1328 1696 1450 1760 seisan-

309 1789 363 1848 tur
377 1785 412 1848 in
428 1805 526 1848 manu
542 1783 624 1846 dom.

354 1872 475 1935 Acnnx.
521 1871 572 1934 De
587 1869 676 1934 Will.
693 1868 794 1932 Teddi
819 1890 877 1953 pro
903 1868 1035 1934 cultello
1061 1890 1120 1933 suo
1143 1876 1287 1933 extracto
1314 1870 1355 1932 ad
1381 1891 1451 1953 per·

311 1958 470 2022 cusciend.
493 1957 675 2021 Walterum
697 1956 830 2021 Theker.
853 1956 1046 2021 xld.—De
1067 1956 1213 2021 Waltcro
1235 1957 1362 2020 Theker
1392 1978 1450 2041 pro

311 2045 443 2109 cultello
465 2065 524 2108 suo
550 2051 694 2108 extracto
717 2044 757 2106 ad
779 2044 996 2126 percusoiend.
1020 2043 1109 2108 Will.
1132 2043 1234 2107 Teddi
1256 2044 1292 2106 xl
1302 2044 1330 2107 d.
1343 2045 1451 2108 —De

312 2133 390 2195 Rob.
407 2133 561 2195 Fermour
583 2133 649 2193 aad
671 2131 768 2194 otinas
790 2151 847 2214 pro
863 2131 948 2195 ireth
964 2131 1052 2194 fraot.
1068 2151 1127 2213 per
1148 2151 1246 2213 equos
1268 2132 1304 2194 in
1327 2131 1450 2216 stipulo

311 2239 347 2280 m
355 2216 1297 2387 111111001111111111111111611111111111111111111’111111111οᾶ
1308 2304 1453 2370 habeant

310 2411 414 2454 unum
436 2391 615 2454 bercariam
638 2391 718 2454 citra
739 2411 828 2474 prox.
845 2412 909 2455 cur.
931 2392 991 2455 sub
1013 2412 1109 2475 poena
1131 2391 1166 2453 xl
1175 2392 1205 2457 d.
1223 2391 1365 2456 solvend.
1382 2399 1453 2470 etc„

310 2499 369 2542 nec
392 2478 478 2561 quod
500 2478 692 2560 permittant
713 2477 823 2561 aliqua
845 2479 953 2543 averia
975 2499 1034 2542 sua
1056 2479 1143 2543 exire
1157 2478 1270 2541 villam
1292 2479 1362 2543 sine
1383 2500 1453 2545 cus-

309 2565 406 2641 todia,
421 2564 495 2629 xld.

355 2653 526 2716 FULWELL.
550 2651 740 2734 injunctum
767 2657 816 2715 est
842 2653 992 2716 omnibus
1015 2660 1079 2717 ten.
1102 2651 1198 2729 villae,
1213 2653 1300 2736 quod
1325 2661 1453 2736 ponant

311 2741 359 2804 les
388 2741 589 2806 merkstanes
619 2739 705 2803 inter
732 2746 789 2802 ter.
816 2739 931 2804 Alioiae
958 2741 1133 2823 Brounyng
1162 2746 1196 2803 et
1225 2740 1293 2804 Rio.
1324 2741 1452 2805 Jonson

311 2829 393 2891 citra
413 2847 503 2910 prox.
526 2847 590 2890 cur.
611 2827 671 2890 sub
692 2847 788 2909 poena
808 2826 849 2889 di
873 2827 1122 2893 marcae-Will.
1143 2827 1188 2892 fil.
1204 2826 1286 2890 Adae
1306 2834 1340 2890 et
1355 2829 1451 2893 Niob

313 2916 438 2979 Jonson
458 2914 657 2978 devenerunt
679 2913 762 2997 pleg.
779 2913 894 2977 Aliciae
910 2914 1086 2999 Brounyng
1107 2914 1148 2978 ad
1171 2916 1401 2982 manutenend.
1418 2923 1452 2979 et

312 3001 447 3065 faciend.
463 3001 666 3065 vicinitatem
683 3001 766 3084 proj
783 3021 875 3064 mess.
892 3001 925 3063 ix
941 3021 987 3067 ac.
1004 3009 1061 3065 ter.

355 3089 584 3152 vansuowu.
629 3089 681 3151 Da
696 3088 785 3151 Will.
803 3087 932 3164 Milner,
946 3088 1047 3151 Diota
1061 3088 1218 3163 Webster,
1233 3091 1316 3172 Agn.
1334 3089 1451 3153 Letani

311 3195 369 3258 pro
391 3175 470 3239 bent
491 3196 574 3239 succ.
598 3174 682 3238 infra
703 3175 734 3238 le
757 3175 866 3258 Hopp.
890 3175 926 3237 ix
935 3174 1062 3238 d.-De
1084 3182 1148 3239 ten
1171 3175 1258 3238 villae
1284 3177 1451 3258 quianon

311 3263 564 3325 obscuraverunt
579 3282 682 3324 unum
698 3269 835 3344 puteum
850 3261 890 3324 ad
905 3262 1003 3325 finem
1019 3261 1115 3338 villae,
1131 3262 1171 3325 de
1186 3263 1260 3325 rn’ia
1275 3263 1320 3346 xij
1332 3264 1362 3326 d.

355 3348 507 3411 Hrarox.
554 3348 743 3429 Injunctum
765 3355 815 3412 est
837 3349 860 3412 J
862 3348 911 3411 oh.
935 3349 1042 3412 Smith
1064 3355 1097 3412 et
1119 3349 1268 3413 omnibus
1283 3358 1348 3414 ten.
1364 3349 1452 3433 quod

311 3440 517 3497 ammoveant
537 3435 651 3497 fimum
673 3434 713 3498 de
735 3435 803 3499 alta
824 3442 925 3499 strata
947 3437 1027 3500 citra
1048 3436 1168 3499 festum
1192 3437 1221 3500 S.
1238 3437 1343 3500 Marci
1361 3458 1450 3520 prox.

311 3524 380 3596 fut,
396 3520 455 3584 sub
470 3540 567 3603 poena
582 3520 623 3583 di.
639 3541 812 3588 marcoa—
823 3522 1015 3605 Injunotum
1040 3529 1089 3586 est
1112 3524 1262 3587 omnibus
1282 3530 1346 3587 ten.
1364 3524 1451 3588 villae

311 3607 399 3693 quod
409 3607 533 3672 molent
543 3607 627 3671 blad.
638 3628 696 3671 sua
711 3609 751 3671 ad
766 3609 906 3673 molend.
921 3610 962 3673 de
976 3610 1171 3693 Wyvestow‚
1187 3611 1247 3674 sub
1263 3631 1360 3694 poena
1376 3611 1450 3675 xld.

311 3696 454 3760 solvend.
480 3695 794 3778 etc—Injunctum
821 3697 972 3760 omnibus
995 3701 1059 3760 ten.
1084 3697 1180 3775 villae,
1196 3697 1282 3781 quod
1307 3698 1451 3781 reparari

311 3784 433 3848 faciant
448 3790 598 3867 stagnum
613 3782 751 3848 molend.
768 3783 848 3851 citra
863 3784 983 3847 festum
999 3783 1029 3847 S.
1046 3784 1151 3848 Marci
1170 3784 1375 3862 sufficienter,
1391 3786 1450 3849 sub

310 3890 407 3952 poena
420 3871 456 3933 xl
465 3870 495 3934 d.
513 3869 654 3934 solvend.
665 3877 723 3934 cto.
733 3908 776 3919 -
787 3871 975 3953 Injunotum
992 3876 1041 3935 est
1055 3871 1205 3935 omnibus
1219 3879 1284 3936 ten.
1295 3872 1384 3936 villae
1399 3872 1452 3936 dal

312 3958 450 4034 Schema,
466 3958 655 4041 Wyvestow
677 3964 711 4022 et
733 3958 870 4034 Harton,
892 3957 978 4041 quod
1003 3957 1113 4021 nullus
1132 3978 1242 4022 eorum
1253 3959 1452 4042 »pennittant

310 4063 406 4107 canes
429 4064 503 4108 suos
530 4045 622 4128 sequi
648 4065 702 4110 cos
729 4045 813 4108 infra
835 4045 867 4109 le
890 4045 998 4129 Hopp,
1013 4045 1073 4108 sub
1095 4065 1192 4129 poena
1207 4046 1291 4123 xld.,
1306 4046 1449 4110 solvend.

309 4135 367 4193 etc.

353 4215 600 4280 qunnsusun.
631 4217 683 4280 Do
698 4216 781 4300 Agn.
798 4239 871 4301 quae
885 4218 949 4282 fuit
964 4239 1046 4283 uxor
1059 4219 1083 4283 J
1085 4219 1134 4284 oh.
1151 4219 1278 4283 Ponder
1291 4239 1350 4302 pro
1364 4219 1451 4284 binae

311 4323 429 4367 arrurae
444 4300 514 4389 [sic]
531 4310 586 4367 tar.
603 4303 774 4368 dominicis
789 4305 876 4369 unde
891 4307 914 4369 J
915 4307 964 4370 oh.
978 4306 1018 4369 de
1028 4307 1051 4371 J
1053 4327 1138 4370 arow
1150 4307 1180 4371 ei
1191 4307 1357 4384 satisfecit,
1369 4327 1450 4391 quas

311 4392 394 4456 dom.
418 4390 509 4454 Prior
524 4390 637 4454 debuit
658 4391 816 4473 recepisse
831 4413 868 4456 eo
884 4393 970 4476 quod
985 4393 1036 4456 vir
1058 4414 1135 4458 suus
1158 4413 1228 4458 eam
1244 4393 1291 4458 sio
1312 4394 1450 4471 invenit,

456 4577 464 4609 ¹
483 4577 510 4628 It
521 4577 544 4627 is
555 4579 604 4627 not
615 4576 685 4627 clear
696 4576 759 4643 why
771 4576 817 4628 the
828 4577 906 4628 usual
917 4577 985 4627 form
997 4577 1020 4628 ia
1031 4583 1080 4629 not
1090 4578 1215 4631 followed
1226 4579 1297 4631 here.
