3278 5204
202 573 297 634 1366.
467 583 1076 636 6666666666666666666666666.
1298 582 1337 641 55

191 741 339 825 ‚quilibet
354 762 464 806 eorum
478 746 588 808 teneat
601 740 715 806 hirsill'
730 747 764 806 et
774 742 865 825 'quod
887 743 1072 808 custodiant
1094 745 1165 830 [aio]
1179 767 1291 830 porcos
1307 755 1340 814 et

199 829 264 892 alia
280 829 388 893 averia
402 849 461 893 666
476 829 556 894 citra
571 829 657 912 quod
672 848 738 892 non
752 828 961 894 inveniantur
981 829 1066 894 inira
1080 831 1220 898 bladum.
1232 873 1276 884 -
1287 836 1338 900 De

197 916 336 979 Ricardo
358 915 425 979 filio
447 916 577 980 Thomoe
598 935 656 998 pro
678 915 772 980 freth'
794 915 883 981 iraot'
904 937 962 999 per
983 937 1079 982 aucae
1102 926 1136 983 et
1157 921 1258 987 eciam
1279 943 1337 1006 pro

196 1001 287 1066 falda
300 1003 409 1079 fracta,
423 1023 463 1066 ex
478 1003 584 1086 gracia
600 1002 673 1066 aod.

241 1089 545 1154 Esr-Mnarucvou.
591 1089 779 1171 Injunetum
794 1093 843 1153 est
854 1089 917 1172 jur’
933 1096 966 1154 et
980 1091 1109 1173 ponder'
1124 1093 1211 1175 quod
1232 1093 1338 1180 inpig-

197 1181 316 1238 norant
338 1175 408 1259 [sto]
431 1177 537 1241 averia
562 1176 722 1241 Johannis
744 1175 806 1239 filii
828 1176 959 1241 Ricardi
980 1177 1147 1243 veniencia
1168 1179 1208 1244 de
1234 1179 1337 1264 Wyn-

200 1261 337 1326 delsdon
365 1264 407 1326 ad
436 1263 624 1346 depassend’
655 1263 740 1327 infra
771 1283 843 1327 cam
873 1313 879 1327 .
910 1312 918 1328 .
948 1312 955 1327 .
986 1265 1072 1348 quod
1102 1286 1167 1328 non
1196 1265 1337 1333 habeant

198 1350 417 1413 communiam
438 1350 559 1415 ibidem
580 1351 645 1415 nisi
665 1371 723 1434 per
742 1349 850 1414 averia
864 1350 1019 1415 oubancia
1040 1351 1161 1416 ibidem
1174 1353 1233 1418 viz.
1250 1356 1337 1439 apud

198 1435 482 1520 EstMeryngton.

243 1523 345 1588 Fnav.
389 1525 412 1588 J
413 1523 555 1588 ohannes
577 1523 617 1588 de
639 1523 824 1588 Bichebum
838 1523 929 1588 venit
946 1523 982 1586 in
1004 1525 1068 1588 our’
1084 1531 1116 1590 66
1132 1527 1218 1610 66616
1233 1547 1336 1592 unum

196 1609 394 1694 bondagium
408 1610 494 1693 quod
509 1611 667 1675 Robertus
680 1610 769 1675 Todd
783 1609 873 1693 prius
888 1611 994 1674 tenuit
1005 1616 1038 1675 et
1049 1632 1175 1676 sursum
1187 1614 1335 1693 reddidit,

197 1697 287 1779 qnod
301 1697 456 1780 quiddam
471 1698 541 1781 [616]
556 1698 621 1761 ten’
636 1697 799 1781 quondam
818 1697 879 1760 fuit
901 1697 936 1760 in
951 1702 1066 1762 tenura
1080 1699 1237 1763 Willelmi
1252 1701 1335 1764 Ton-

197 1785 375 1847 noksman:
397 1783 532 1848 habend’
554 1790 587 1848 et
608 1785 672 1848 ten’
688 1785 729 1848 ad
750 1790 842 1848 term.
864 1784 941 1848 vitae
962 1804 1045 1849 suae:
1068 1785 1153 1851 redd.
1178 1787 1335 1851 scaccario

196 1891 230 1954 p.
245 1891 272 1934 a
289 1877 355 1935 206.
371 1876 403 1935 66
418 1872 536 1954 argent'
551 1871 625 1934 terr'
640 1907 655 1918 -
669 1908 685 1918 -
729 1871 772 1934 Et
787 1870 873 1954 oepit
888 1871 990 1935 eciam
1005 1871 1039 1934 in
1055 1873 1151 1935 stuffo
1166 1891 1242 1936 oum
1255 1893 1335 1955 prae·

198 1957 286 2020 dicto
300 1957 459 2042 bondagio
474 1959 497 2041 ij
514 1959 611 2022 boves
627 1961 660 2022 et
678 1958 692 2040 j
709 1978 829 2042 equum
843 1958 926 2040 preo’
942 1958 1010 2040 oap’
1028 1963 1071 2022 86.
1088 1965 1121 2022 66
1134 1958 1157 2041 ij
1174 1961 1336 2042 quarteria

196 2043 353 2108 frumenti
368 2051 400 2108 66
414 2045 437 2128 ij
455 2045 616 2128 quarteria
638 2041 760 2126 av[enae
776 2044 862 2128 Pleg.
878 2081 891 2093 -
907 2044 932 2128 -]
977 2044 1021 2107 Et
1036 2044 1092 2108 dat
1113 2066 1170 2128 pro
1192 2045 1335 2128 gres’m’a

112 2169 114 2173 ·
199 2137 246 2194 2s.
290 2131 333 2194 Et
349 2129 459 2217 [super
476 2130 550 2218 boc]
568 2131 709 2215 dampna
730 2131 938 2195 aedificiorum
960 2130 1185 2213 adjudicantur
1198 2152 1256 2216 per
1271 2134 1334 2216 jur’

197 2217 241 2280 ad
258 2217 329 2283 lad.
344 2238 416 2302 quae
430 2218 609 2284 liberantur
618 2219 641 2284 J
642 2218 763 2282 ohanni
777 2218 818 2282 de
830 2217 1014 2283 Bioheburn
1025 2218 1064 2282 de
1077 2219 1195 2302 quibus
1206 2225 1335 2304 reputat

196 2324 234 2368 66
248 2309 444 2371 contentum.
667 2307 670 2312 '

245 2483 338 2555 1366,
354 2479 419 2542 III.
444 2479 487 2562 [A
502 2478 563 2542 6611
578 2478 728 2544 attached
750 2484 785 2543 at
798 2477 842 2544 its
857 2478 928 2555 end,
943 2479 987 2563 by
1003 2478 1057 2544 old
1072 2478 1215 2556 stitobes,
1230 2485 1263 2542 to
1279 2479 1335 2544 the

196 2565 262 2628 end
278 2566 313 2629 of
325 2565 398 2631 that
411 2567 447 2630 of
461 2570 553 2642 1366,
569 2566 614 2630 ΙΙ.
652 2566 720 2630 The
731 2571 787 2648 top
798 2566 857 2630 has
867 2566 950 2630 been
965 2574 1021 2631 666
1032 2587 1123 2649 away
1139 2566 1182 2649 by
1194 2566 1334 2631 66166666.

196 2651 378 2716 Stevenson
392 2653 514 2737 rightly
528 2652 671 2717 indorses
686 2653 714 2716 it
732 2652 838 2736 1366]

243 2738 392 2823 [Incipit]
419 2740 546 2804 8116616.
573 2777 586 2790 -
616 2776 630 2786 -
659 2740 710 2804 Ι)6
739 2739 847 2803 Adam
877 2737 1030 2822 Sohropp,
1052 2739 1129 2822 quia
1156 2737 1335 2820 hospitavit

195 2826 221 2889 J
222 2826 383 2890 ohannem
397 2826 503 2890 Lolles
526 2829 559 2890 et
581 2826 688 2890 tenuit
709 2826 745 2888 in
767 2825 920 2892 comitiva
941 2846 1000 2890 sua
1021 2831 1131 2890 contra
1153 2825 1333 2888 deffensum

195 2912 333 2976 Domini
357 2917 453 2995 prout
477 2912 654 2976 inhibitum
680 2913 744 2976 fuit
769 2913 805 2975 in
826 2913 952 2976 ultimis
981 2913 1145 2978 Halmotis
1172 2947 1185 2957 -
1212 2948 1226 2958 -
1253 2911 1333 2993 [The

195 2999 316 3063 entries
339 3020 374 3062 66
395 3005 429 3062 to
453 2999 581 3063 Shields
602 2999 639 3062 in
659 2999 715 3063 the
737 2999 799 3063 roll
821 2999 857 3062 of
879 3003 974 3075 1366,
993 2999 1049 3074 IL,
1064 2998 1146 3060 have
1161 2997 1331 3081 perished]

195 3086 388 3168 Injunetum
402 3090 451 3150 est
466 3086 615 3150 omnibus
630 3086 815 3150 tenentibus
830 3085 917 3150 villae
932 3085 1045 3167 nequis
1061 3104 1171 3148 eorum
1189 3083 1333 3167 16116661-
1417 3143 1418 3147 ,

194 3179 247 3236 666
278 3173 347 3256 [aio]
377 3173 568 3256 praedictum
593 3172 777 3238 Johannem
799 3209 813 3222 -
834 3209 850 3219 -
894 3171 1083 3255 Injunetum
1109 3175 1157 3234 est
1183 3171 1332 3234 omnibus

195 3259 425 3323 brasiatoribus
445 3259 532 3323 61116
554 3260 668 3343 nequis
691 3280 800 3324 eorum
815 3258 958 3323 vendant
981 3258 1050 3341 [616]
1073 3257 1240 3322 cervisiam
1263 3258 1333 3321 6166

193 3432 333 3496 vendere
349 3432 518 3498 cervisiam
538 3440 628 3497 extra
649 3433 780 3497 domum
795 3432 911 3496 vicinis
926 3432 993 3496 6616
1008 3451 1067 3496 666
1082 3431 1244 3515 aliquibus
1260 3431 1332 3495 aliis

194 3519 277 3582 dum
292 3520 459 3584 cervisiam
473 3520 594 3584 habent
609 3519 679 3603 [616]
694 3520 736 3583 ad
749 3519 915 3583 vendend'.

239 3605 492 3672 EST-Rlvuvou.
542 3607 731 3689 Injunetum
765 3612 815 3670 666
847 3605 996 3669 omnibus
1029 3604 1214 3669 tenentibus
1246 3602 1333 3666 villae

193 3692 283 3775 quod
296 3694 430 3756 veniant
443 3693 479 3757 in
494 3693 652 3757 auxilium
673 3693 807 3756 messori
828 3711 885 3776 pro
907 3692 1177 3774 impignoracione
1198 3689 1332 3753 faciend’

193 3780 379 3862 6666611166
395 3779 770 3862 quiexercentinjustas
793 3829 801 3845 .
824 3829 830 3842 .
854 3828 861 3844 .
884 3777 970 3842 61666
983 3783 1148 3860 pasturam
1171 3812 1183 3823 ·
1207 3811 1219 3823 -

239 3867 486 3931 166666666616.
532 3866 573 3949 [Α
588 3866 804 3948 sub-heading
825 3870 859 3929 to
879 3864 1122 3939 East-Rainton‚
1137 3881 1172 3925 so
1187 3861 1223 3923 in
1240 3865 1333 3935 1365,

193 3951 275 4037 IIL]
318 3955 341 4018 J
342 3952 484 4018 ohannes
507 3953 628 4016 Μ11666
646 3953 685 4017 de
708 3953 739 4017 S.
755 3952 878 4035 Giligat
899 3957 932 4016 et
946 3951 1130 4015 Willelmus
1154 3948 1334 4012 Steuenson

192 4046 355 4103 venerunt
376 4041 413 4102 in
434 4040 498 4104 cur'
521 4044 554 4104 et
580 4047 735 4123 ceperunt
756 4039 812 4122 viij
836 4059 926 4102 66666
951 4042 1043 4101 terrae
1066 4056 1145 4119 quas
1169 4036 1333 4099 Johannes

194 4125 321 4190 Barkar
341 4126 431 4210 prius
453 4126 578 4191 tenuit:
600 4126 737 4190 habend.
754 4163 768 4174 -
783 4125 853 4189 -ad
875 4131 966 4188 term.
988 4145 1032 4186 xv
1052 4143 1226 4186 annorum:
1247 4121 1334 4185 redd.

193 4231 226 4295 p.
242 4233 268 4276 a.
285 4234 343 4297 pro
359 4233 431 4278 aare
449 4214 537 4278 lid:
560 4213 745 4294 incipiendo
761 4212 883 4276 solvere
899 4211 940 4274 ad
959 4210 1079 4275 festum
1094 4209 1231 4273 Martini
1246 4229 1334 4292 pror.

194 4299 343 4363 futurum
359 4336 371 4347 -
388 4337 401 4348 -
416 4300 459 4363 Et
473 4300 605 4364 interim
619 4300 643 4364 J
644 4300 785 4363 ohannes
801 4298 923 4362 Barkar
938 4304 1087 4361 oneretur
1102 4297 1141 4360 de
1156 4297 1255 4359 firma.

240 4387 432 4469 Injunetum
462 4394 513 4451 est
542 4387 693 4451 omnibus
722 4386 910 4450 tenentibus
936 4384 1023 4448 villae
1053 4405 1094 4448 ne
1123 4382 1196 4465 quis
1226 4400 1334 4444 eorum

193 4476 306 4536 teneat
328 4493 441 4557 porcos
464 4474 584 4557 absque
599 4473 713 4538 hirsill'
729 4492 788 4536 neo
811 4472 911 4535 aukas
927 4471 986 4534 sub
1005 4491 1100 4554 poena
1122 4467 1263 4532 solvend'
1279 4485 1335 4548 pro

193 4559 342 4642 quolibet
363 4580 459 4643 porco
477 4561 526 4626 od.
543 4566 576 4626 et
596 4581 653 4644 pro
669 4559 813 4644 quolibet
833 4558 918 4622 auka
941 4557 990 4622 ad.
1002 4556 1160 4644 -Alioia
1175 4553 1337 4638 quondam
