3278 5204
180 579 273 642 1366.
442 591 1055 644 11110111110111111111111111111.
1274 586 1314 648 17

176 749 303 834 cotegio
317 753 477 833 prostrato
499 749 535 813 in
557 755 673 816 tenure
695 771 762 829 sue,
783 758 881 836 prout
895 758 1096 836 compertum
1111 757 1161 818 cst
1174 773 1232 839 per
1242 754 1316 838 jm’,

177 856 217 900 eo
243 856 307 919 quo
333 857 398 901 uon
421 836 545 922 indiget
566 837 684 902 hahere
707 839 873 923 grangiam
901 839 1030 905 ibidem.
1077 840 1124 906 PL
1147 841 1315 907 Johauues

176 922 266 987 filius
279 922 460 988 Alexandri
481 923 523 987 cd
546 943 627 1008 opus
649 924 785 989 Domini
805 925 932 990 levand'
949 932 993 991 61.
1006 926 1056 992 cd.
1068 959 1112 973 —
1124 928 1315 1012 injunctum

176 1015 230 1073 est
244 1010 394 1074 omnibus
415 1010 602 1075 tenentibus
617 1011 685 1076 vill’
700 1011 787 1095 quod
810 1013 907 1077 artari
928 1013 1050 1078 iaciant
1072 1033 1201 1078 cursum
1223 1035 1315 1098 aquae

176 1095 265 1159 inter
292 1096 324 1162 11
353 1095 562 1162 Resschikers
591 1103 625 1162 et
653 1097 862 1164 Hotherkere
891 1099 978 1183 quod
1006 1104 1116 1165 teneat
1145 1101 1315 1184 antiquam

176 1202 309 1247 cursum
327 1220 341 1233 ·
356 1220 371 1229 -
389 1183 545 1247 Dimissio
567 1183 659 1267 prati
703 1185 809 1249 Adam
831 1186 871 1251 de
889 1186 1054 1270 Herdwyk
1068 1188 1154 1272 cepit
1169 1187 1204 1270 iij
1221 1188 1315 1253 rodas

176 1269 265 1351 prati
294 1270 330 1332 11
359 1269 389 1334 11
419 1269 618 1355 Floyerker':
654 1272 784 1336 teneud'
813 1277 847 1338 et
875 1273 1013 1337 hahend'
1042 1273 1084 1339 ad
1112 1273 1316 1340 voluntatem

176 1356 330 1420 Domini:
352 1356 438 1421 redd.
453 1376 483 1439 p.
500 1377 526 1421 1
544 1363 588 1421 31.
610 1357 653 1422 ad
675 1357 795 1422 festum
819 1358 850 1424 S.
873 1359 1045 1424 Michaelis
1060 1397 1075 1407 —
1090 1396 1112 1424 -.
1157 1361 1315 1426 Dimissio

176 1442 273 1526 prati
309 1442 495 1508 Willelmus
511 1442 634 1508 Oasson
648 1445 735 1528 cepit
750 1445 784 1530 iij
801 1444 895 1509 rodes
909 1445 995 1529 preti
1010 1447 1047 1510 in
1067 1446 1099 1511 le
1113 1447 1314 1531 Floyerker’:

176 1527 315 1592 hahend’
345 1534 379 1594 et
407 1530 471 1593 teu’
501 1529 542 1595 ad
570 1530 773 1595 voluntatem
801 1531 953 1597 Domini:
975 1532 1062 1598 redd.
1088 1553 1119 1616 p.
1146 1555 1173 1599 1.
1202 1539 1245 1600 31.
1272 1534 1315 1598 ed

177 1615 300 1679 festum
324 1616 354 1681 S.
373 1615 544 1681 Michaelis
560 1654 573 1664 -
589 1654 601 1665 ·
619 1617 699 1701 [The
720 1639 742 1701 y
763 1618 800 1680 in
821 1618 899 1683 each
921 1639 1109 1684 occurrence
1131 1621 1167 1683 of
1185 1621 1316 1705 111111-

177 1701 255 1780 1111,
266 1703 372 1767 which
387 1723 489 1767 seems
505 1709 539 1766 1ο
554 1704 594 1768 be
608 1704 665 1769 the
681 1703 888 1771 Flotherkere
903 1705 938 1769 of
954 1706 1010 1770 the
1024 1706 1198 1790 preceding
1212 1712 1315 1790 entry,

177 1789 208 1853 is
222 1789 259 1852 in
273 1810 315 1853 1ο
329 1810 402 1872 wey
417 1789 568 1854 different
589 1790 672 1854 from
693 1790 750 1856 the
763 1813 786 1875 y
800 1791 879 1856 used
901 1793 936 1856 11
958 1792 1108 1876 ordinary
1122 1793 1235 1870 words,
1250 1793 1317 1857 eud

177 1875 216 1938 in
230 1875 287 1940 the
300 1876 371 1940 first
383 1877 530 1941 instance
551 1876 610 1941 has
625 1897 645 1941 1
659 1877 763 1942 round
785 1877 842 1942 dot
856 1879 957 1944 above
972 1879 999 1942 it
1014 1899 1048 1942 as
1063 1878 1237 1962 anciently,
1252 1880 1316 1944 and

177 1962 299 2046 mostly
313 1962 350 2025 11
371 1963 446 2027 this·
459 1964 529 2028 roll.
573 1965 641 2028 The
655 1964 748 2028 mark
763 1965 864 2029 above
878 1964 934 2028 the
948 1966 963 2028 1·
977 1965 1013 2028 in
1028 1965 1095 2028 this
1109 1965 1170 2030 roll
1185 1965 1213 2030 is
1227 1965 1259 2050 ‘.]
1271 2003 1316 2016 —-

178 2049 231 2112 De
247 2049 356 2113 Isolde
376 2070 476 2114 uxore
489 2049 649 2114 Wiilelmi
669 2050 730 2114 filii
744 2051 878 2116 Roherti
892 2071 949 2134 pro
963 2051 1130 2116 forstallad
1146 2052 1231 2117 facta
1247 2052 1316 2118 od:

179 2135 382 2200 condonetur
410 2156 468 2220 per
495 2137 673 2201 1111111111.
721 2137 773 2203 Ι)1
803 2137 914 2202 eodem
943 2138 1021 2221 quic
1049 2138 1187 2203 iurnivit
1215 2159 1316 2223 panes

178 2221 338 2286 vendend’
362 2243 428 2286 non
452 2223 491 2288 de
514 2223 638 2308 integro
661 2223 823 2288 frumento
846 2229 942 2308 pmut
965 2225 1084 2289 fatetur
1105 2225 1141 2288 11
1162 2227 1259 2304 curia,
1274 2226 1315 2291 de

177 2309 398 2374 misericordie
420 2310 726 2394 td—Injuuctum
755 2317 805 2375 est
834 2311 984 2375 omuibus
1012 2313 1199 2377 tenentibus
1227 2313 1316 2377 vfflae

179 2396 268 2478 quod
282 2401 438 2460 evacuent
453 2417 582 2461 cursum
602 2418 694 2481 aquea
710 2397 797 2482 apud
818 2397 851 2462 le
872 2397 905 2460 N
906 2398 1056 2482 orthgayt
1070 2435 1084 2448 -
1099 2436 1114 2447 -
1126 2433 1172 2444 —
1182 2399 1316 2484 Injunc-

179 2490 252 2546 tum
277 2489 328 2546 est
353 2480 514 2564 [omnibus
536 2485 652 2570 crased]
673 2484 860 2548 tenentibus
881 2484 969 2548 villae
991 2484 1093 2582 [quod
1113 2485 1230 2570 111111]
1253 2486 1314 2552 viz.

179 2568 327 2633 Gilberto
342 2569 382 2632 de
397 2570 572 2652 Hardegill,
586 2571 731 2635 Johanni
752 2570 819 2635 filio
841 2570 1028 2648 Alexandri,
1042 2573 1065 2636 J
1067 2571 1187 2636 ohanni
1202 2573 1316 2657 Myry-

177 2675 266 2733 man‚
281 2657 304 2720 J
305 2655 426 2720 ohauni
439 2656 493 2721 del
507 2658 617 2722 Toune
640 2657 790 2742 [11111111
804 2658 928 2741 Tonne]
951 2657 1038 2741 quod
1059 2659 1248 2724 meremium
1263 2658 1316 2723 del

180 2741 376 2825 Brantmyln
390 2743 577 2807 extrahatur
591 2750 624 2808 et
638 2749 777 2828 ponatur
789 2744 826 2806 in
840 2744 910 2808 loco
924 2749 996 2808 tuto
1011 2749 1044 2808 et
1059 2765 1169 2810 securo
1184 2782 1196 2794 -
1212 2782 1226 2794 ·

223 2829 445 2894 Wouuusuou.
490 2830 680 2914 Injunctum
697 2837 747 2895 est
760 2831 927 2915 Fayr-Jon
941 2831 1029 2914 quod
1043 2831 1152 2896 veniet
1167 2835 1199 2895 et
1213 2851 1315 2896 more·

179 2922 238 2979 tur
259 2936 333 2979 cum
347 2915 472 2980 familia
494 2937 553 2981 111
575 2922 808 3000 superterram
830 2917 965 2982 Domini
986 2917 1067 2982 citra
1088 2937 1176 2999 prox.
1192 2917 1315 2980 curiam

181 3004 243 3066 suh
264 3022 362 3086 poena
383 3003 586 3067 admissionis
608 3002 678 3087 [cic]
702 3003 863 3087 praedietae
887 3003 1240 3087 terrea-injunctum
1266 3009 1316 3068 111

176 3089 240 3173 jur'
252 3089 340 3172 quod
350 3089 483 3153 videant
497 3096 615 3154 terram
629 3091 665 3153 11
679 3097 795 3155 tenura
809 3092 962 3155 Fair-Jon
978 3090 1014 3152 11
1025 3095 1185 3173 quantum
1200 3090 1315 3154 deteri-

179 3183 316 3239 orentur
342 3175 410 3260 [oie]
436 3181 512 3260 post
537 3196 697 3241 recessum
723 3197 819 3241 suum
841 3177 881 3242 de
905 3175 971 3262 [111]
993 3196 1103 3240 versus
1125 3176 1261 3254 Norton,
1283 3182 1317 3242 et
1385 3227 1387 3232 .

179 3268 371 3346 presentant
393 3263 463 3346 [cic]
485 3262 622 3327 durante
643 3263 706 3328 isto
727 3262 780 3328 die
795 3300 809 3313 ·
824 3301 845 3328 -.
890 3261 989 3345 [Vide
1007 3266 1099 3340 1367,
1115 3264 1316 3350 1.]-0111-

180 3353 311 3432 pertum
332 3355 382 3413 est
402 3369 460 3432 per
478 3348 541 3433 jur
564 3349 652 3433 quod
676 3351 842 3434 Fayrdon
863 3350 941 3414 iecit
967 3350 1216 3415 convencionem
1242 3372 1317 3416 cum

181 3435 323 3520 Hugone
351 3435 418 3498 filio
444 3455 503 3499 suo
527 3436 615 3519 quod
639 3436 726 3500 idem
752 3438 849 3520 Hugo
875 3436 1007 3501 haberet
1030 3443 1194 3502 vecturam
1222 3443 1315 3502 terrae

180 3521 329 3605 praedicti
348 3521 509 3586 «iohannis
532 3522 572 3586 de
595 3543 679 3587 1111
700 3523 899 3607 precedente
913 3543 971 3607 pro
989 3528 1073 3588 tls:
1099 3525 1143 3587 Et
1165 3524 1207 3587 ed
1222 3524 1315 3588 satis-

180 3608 318 3672 faciend’
340 3607 486 3673 «iohanni
508 3608 603 3693 Steyr
623 3629 681 3692 pro
703 3609 860 3674 messione
883 3609 922 3673 de
945 3615 1008 3674 ts:
1045 3610 1087 3673 Et
1110 3609 1152 3674 ed
1173 3609 1316 3674 solvend'

180 3695 263 3758 firm’
287 3694 427 3759 Domino
455 3695 600 3760 detesto
626 3696 763 3760 Martini
785 3716 874 3780 prox.
904 3696 1085 3778 praeterito:
1113 3697 1157 3759 Et
1178 3696 1315 3760 ulterius

180 3782 269 3845 idem
291 3781 389 3866 Hugo
411 3786 656 3864 manuoperaret
677 3788 796 3846 terrem
817 3782 965 3867 praedicti
986 3781 1145 3848 dohannis
1168 3781 1208 3845 de
1230 3801 1315 3845 anno

180 3869 219 3931 in
239 3888 372 3944 annum,
394 3867 537 3932 solveud’
552 3868 633 3932 firm'
655 3869 806 3945 Domino,
828 3876 861 3934 11
882 3868 969 3933 redd.
993 3868 1097 3933 eidem
1119 3867 1263 3932 dohanni
1285 3888 1316 3951 p.

181 3976 210 4020 a
231 3960 315 4019 ils:
336 3956 379 4018 Et
401 3975 497 4038 super
518 3955 615 4018 istem
638 3956 886 4020 convencionem
908 3955 995 4019 idem
1020 3954 1117 4037 Hugo
1142 3954 1318 4019 seminavit

180 4047 251 4105 tum
273 4045 436 4105 vesturam
451 4041 634 4124 yhemelem
655 4062 754 4125 quam
768 4041 947 4106 vemelem:
969 4043 1013 4106 Et
1034 4060 1130 4124 super
1150 4041 1212 4106 hoo
1227 4043 1319 4106 venit

182 4130 365 4212 Margarete
379 4149 451 4211 quae
465 4128 529 4192 fuit
542 4149 625 4192 uxor
638 4128 784 4210 praedicti
798 4128 957 4211 Hugonis,
972 4127 1026 4192 cui
1040 4134 1073 4192 et
1087 4127 1154 4192 filio
1169 4149 1227 4193 suo
1243 4150 1318 4194 con·

182 4215 281 4279 cessit
294 4214 379 4278 bona
394 4235 461 4292 sua,
476 4221 509 4279 et
531 4214 657 4279 invenit
677 4214 833 4279 Thomam
854 4214 958 4278 filium
973 4214 1130 4278 Willeimi
1148 4222 1181 4280 et
1195 4217 1218 4279 J
1219 4215 1319 4280 ohan-

181 4322 258 4365 nem
281 4300 321 4364 de
342 4301 466 4366 Arsom’
480 4301 603 4386 plegios
623 4301 665 4365 ad
686 4301 870 4366 iaciendum
892 4306 924 4366 11
945 4301 1144 4365 reddendum
1165 4302 1319 4385 praedicto

180 4387 328 4454 Johanni
357 4388 444 4471 quod
474 4388 513 4452 de
539 4389 611 4471 jure
640 4388 770 4453 reddere
800 4388 947 4452 deberet:
976 4388 1020 4451 Et
1049 4407 1146 4471 super
1174 4388 1234 4452 hoc
1267 4389 1319 4450 in-

177 4477 332 4559 junctum
358 4481 407 4538 est
432 4474 585 4558 praedicto
610 4474 754 4540 Johanni
779 4474 864 4558 quod
888 4475 1003 4538 liberet
1026 4474 1133 4538 claves
1157 4473 1319 4558 praedictis

180 4561 299 4647 plegiis
326 4566 359 4628 11
384 4562 471 4646 quod
491 4567 643 4656 ¹amoveat
671 4582 804 4626 manum
830 4581 922 4626 suem
945 4560 985 4626 de
1011 4567 1133 4626 arrestu
1157 4559 1318 4644 praedicto.
