3278 5204
228 557 319 618 1370.
496 567 1100 625 nlnuornemoslrosnusnsumsIs.
1301 569 1358 628 101

223 727 304 791 with
319 726 375 791 the
389 726 560 810 exception
575 728 611 792 of
622 728 787 812 Wryght's
802 749 871 807 son,
881 731 946 794 and
961 731 1005 795 all
1020 732 1076 798 the
1092 733 1246 800 demissas
1258 735 1295 800 of
1305 737 1362 800 the

224 814 390 879 demesnes
406 834 482 879 save
498 814 720 898 Ooldingham,
733 835 852 900 appear
864 817 901 880 in
916 817 1009 884 other
1023 820 1165 904 eunies]

267 902 507 965 Prrrrrssross.
551 902 603 965 De
618 901 660 965 Is’
676 903 835 980 Breuster‚
850 903 957 968 Alicia
972 905 1264 992 Aneslaymayden,
1278 909 1360 994 Agn’

223 987 291 1052 filia
305 988 435 1052 Thomas
450 987 491 1052 de
506 987 644 1071 Tyndall
658 1009 716 1072 pro
730 989 809 1072 lays,
827 990 897 1056 lad

267 1075 449 1139 Hnsmnnrs.
493 1073 602 1139 Adam
616 1075 776 1160 Hardyng
790 1077 880 1142 venit
895 1081 928 1142 et
942 1078 1029 1162 cepit
1044 1100 1146 1143 unum
1161 1082 1323 1166 rotagium
1337 1103 1360 1146 x

223 1181 311 1226 acras
332 1167 425 1226 terrae
446 1161 610 1244 quondam
630 1161 666 1224 in
686 1167 802 1226 tenura
815 1162 898 1228 Adra
912 1164 1063 1230 Sadeler:
1084 1166 1220 1232 habend'
1242 1174 1275 1234 et
1294 1170 1359 1234 ten'

223 1247 264 1311 ad
285 1248 486 1313 voluntatem
508 1247 663 1312 Domini:
683 1249 770 1314 redd
791 1270 822 1333 p.
838 1269 864 1314 a
888 1251 1046 1316 scaccario
1063 1258 1127 1317 10s.
1147 1259 1180 1319 et
1201 1255 1249 1339 iiij
1265 1276 1360 1338 opera

224 1336 367 1400 manerio
388 1335 424 1399 in
446 1340 633 1419 autumpno,
648 1339 682 1400 et
703 1336 790 1419 cepit
806 1341 850 1402 8s.
866 1343 899 1402 et
913 1336 936 1420 ij
958 1338 1040 1404 fores
1062 1339 1104 1404 ad
1125 1342 1361 1424 reparationem

223 1420 303 1486 dicti
327 1422 463 1506 ostagii:
485 1421 670 1506 incipiendo
695 1422 817 1487 solvere
840 1423 882 1487 ad
907 1424 1026 1489 festum
1052 1427 1142 1492 Pent.
1169 1448 1253 1493 anno
1278 1429 1357 1512 lxxj.

222 1508 266 1571 Et
286 1509 413 1574 invenit
434 1508 477 1572 di’
499 1529 580 1573 acrae
602 1509 698 1573 unius
720 1529 846 1586 arsurae,
860 1509 883 1593 ij
907 1530 995 1576 acras
1016 1512 1102 1578 binae
1123 1534 1248 1592 arrurae,
1263 1520 1296 1581 et
1315 1516 1358 1581 di'

223 1595 284 1658 acr'
299 1595 397 1660 fimat’
411 1615 491 1677 quas
507 1596 553 1660 sic
568 1595 712 1660 dimittet
725 1595 762 1659 in
777 1597 841 1661 fine
855 1597 985 1662 termini
1000 1599 1059 1664 sui
1104 1601 1147 1665 Et
1168 1601 1358 1685 praedictum

223 1683 385 1766 cotagium
399 1682 435 1745 in
450 1681 623 1746 sufficienti
637 1687 725 1746 statu
740 1682 891 1748 dimittet.
937 1685 1024 1770 Pleg.
1040 1723 1053 1736 -
1069 1723 1082 1736 -
1103 1687 1171 1770 [Nc
1193 1689 1357 1773 gressom]

266 1770 497 1834 anYNoHAM.
556 1768 607 1832 De
632 1768 798 1834 Willelmo
823 1770 897 1834 Kaa
928 1770 1027 1855 [“qt’'
1061 1774 1150 1837 above
1178 1775 1229 1839 bis
1256 1796 1358 1852 canu,

198 1889 200 1896 ·
222 1855 366 1940 possibly
380 1863 397 1889 ‘¹
409 1855 633 1931 condona-tur‚''
654 1854 778 1940 though
799 1863 858 1921 not
871 1856 939 1921 like
952 1857 1010 1923 the
1030 1859 1179 1944 ordinary
1201 1867 1218 1893 “
1232 1861 1287 1923 9¹”
1309 1862 1359 1925 sor

221 1941 294 2006 that
308 1943 396 2006 word
410 1942 445 2005 in
459 1941 526 2006 this
541 1941 624 2025 roll],
638 1942 662 2006 J
663 1941 789 2007 ohanne
811 1943 865 2008 del
886 1944 1004 2021 Toune,
1026 1945 1171 2010 Gilberto
1193 1946 1310 2023 Fauks,
1325 1953 1359 2012 et

221 2028 387 2094 Willelmo
410 2029 450 2093 de
470 2027 626 2092 Schotton
649 2028 749 2112 [“qt”
771 2029 860 2094 abaco
881 2030 932 2094 aa
952 2031 1067 2116 coma}
1087 2033 1164 2116 quia
1185 2033 1358 2098 noluerunt

220 2121 371 2200 praestare
381 2116 455 2180 lect'
465 2115 596 2179 terrario
607 2135 664 2198 pro
674 2115 793 2192 Halm’,
802 2116 841 2180 de
856 2115 1002 2200 quolibet
1015 2118 1073 2195 cd,
1088 2126 1131 2183 ts.
1169 2120 1358 2204 Injunctum

168 2229 174 2240 ·
222 2207 271 2267 est
293 2203 443 2267 omnibus
464 2202 652 2266 tenentibus
667 2201 755 2266 villae
777 2203 862 2285 quod
884 2209 1039 2286 praestent
1060 2204 1133 2270 lect'
1154 2208 1285 2271 terrario
1300 2214 1357 2271 aut

221 2289 365 2354 bursario
394 2290 456 2354 sub
483 2308 581 2372 poena
603 2288 645 2352 di’
668 2308 845 2353 marcoa-
862 2290 974 2374 [“qt'’]
998 2292 1050 2357 De
1071 2313 1170 2358 uxore
1195 2294 1219 2358 J
1221 2294 1357 2358 ohannis

222 2376 411 2440 Gentilman
435 2376 513 2459 quia
537 2374 644 2439 noluit
671 2376 809 2440 vendere
834 2376 1002 2441 cervisiam
1028 2378 1069 2442 ad
1097 2380 1242 2463 precium
1271 2380 1358 2464 quod

221 2469 390 2527 testatores
401 2462 544 2528 cervisiae
558 2461 589 2527 ei
599 2462 816 2545 imponebant,
830 2463 878 2526 cd.
890 2500 934 2510 —-
946 2464 1136 2547 Injunctum
1147 2472 1197 2531 est
1207 2467 1356 2531 omnibus

220 2550 406 2614 tenentibus
421 2548 509 2614 villae
523 2548 610 2630 quod
631 2547 741 2612 nullus
757 2569 866 2613 eorum
881 2551 1001 2615 vendat
1022 2551 1135 2616 fimum
1146 2553 1244 2618 alicui
1257 2555 1357 2619 libere

219 2636 346 2700 tenenti
359 2635 413 2701 vel
426 2635 525 2700 alicui
539 2635 596 2698 alii
610 2635 710 2700 libere
724 2635 763 2700 de
778 2641 889 2700 cetero.

263 2723 482 2788 Wononsrorr.
527 2722 717 2805 Injunctum
732 2727 782 2786 est
796 2722 944 2788 omnibus
966 2725 1152 2790 tenentibus
1167 2726 1254 2790 villae
1269 2727 1356 2810 quod

219 2809 341 2873 faciant
355 2809 402 2874 les
416 2809 561 2892 lonyngs.
606 2808 685 2872 Dies
700 2808 795 2872 datus
811 2814 859 2872 ast
877 2810 1075 2894 juratoribus
1090 2812 1176 2895 quod
1190 2813 1356 2894 inquirant

220 2895 349 2980 dampn¹
365 2897 488 2960 Emmse
503 2897 613 2979 Poppa
626 2895 711 2958 facta
725 2915 783 2978 per
793 2895 995 2960 Willelmum
1014 2897 1245 2962 Fan-Jon’son’
1260 2905 1357 2982 prout

219 2983 341 3046 fatetur
354 2982 390 3045 in
405 2983 500 3047 curia
512 3019 555 3029 —
566 2982 618 3046 Da
629 2982 745 3046 limma
759 2981 812 3046 del
823 2982 923 3046 Holm
938 3002 995 3065 pro
1006 2984 1256 3066 transgressione
1271 2986 1355 3049 facta

220 3069 303 3153 Agn'
330 3069 410 3133 Ster’
433 3068 630 3134 verberando
652 3069 843 3133 servientem
867 3089 962 3133 suum
983 3069 1025 3132 ad
1051 3070 1227 3154 dampnum
1252 3072 1355 3154 ipsius

219 3156 304 3239 Agn'
315 3161 410 3238 prout
422 3162 621 3238 compertum
636 3159 686 3219 est
700 3175 757 3237 per
768 3155 830 3238 jur'
843 3155 913 3220 aod.
926 3155 966 3218 da
981 3156 1203 3234 misericordia,
1221 3157 1270 3222 sd.
1304 3159 1355 3222 De

219 3243 333 3306 eadem
346 3243 462 3306 Emma
476 3263 534 3326 pro
555 3242 806 3324 transgressione
825 3242 910 3305 facta
931 3242 964 3305 in
981 3242 1064 3306 blad'
1080 3264 1151 3307 cum
1169 3244 1256 3309 aucis
1272 3244 1356 3329 Agn'

221 3328 301 3394 Ster'
316 3329 357 3393 sd
379 3329 508 3412 dampn’
530 3329 633 3411 ipsius
648 3328 730 3412 Agn’
754 3328 803 3393 sd
818 3335 915 3411 prout
936 3335 1135 3411 compertum
1152 3337 1201 3394 est
1215 3341 1272 3414 per
1283 3332 1356 3415 jur’,

220 3416 260 3480 de
283 3415 509 3493 misericordia,
526 3415 574 3479 cd.
619 3415 670 3480 De
694 3414 805 3479 eadem
827 3415 943 3478 Emma
964 3435 1021 3497 pro
1043 3416 1125 3480 falsa
1147 3418 1357 3500 querelosus

219 3522 331 3567 versus
346 3503 430 3586 Agn'
446 3503 526 3567 Ster'
540 3506 636 3585 prout
651 3507 850 3584 compertum
865 3507 923 3578 est,
940 3503 988 3566 6d.
1033 3503 1084 3567 De
1095 3504 1227 3587 praelata
1241 3506 1357 3569 Emma

219 3610 277 3672 pro
299 3591 549 3672 transgressione
570 3588 656 3652 sacta
676 3588 841 3652 Willelmo
863 3588 940 3652 Rois
962 3588 1070 3670 ipsum
1095 3591 1290 3655 verberando
1316 3593 1356 3654 ad

220 3677 398 3758 dampnum
413 3676 515 3758 ipsius
529 3674 689 3739 Willelmi
705 3674 754 3738 6d.
770 3680 866 3757 prout
881 3683 1080 3757 compertum
1096 3682 1145 3740 est
1159 3697 1215 3758 per
1226 3678 1288 3760 jur'
1306 3678 1354 3740 cd.

219 3801 263 3811 —-
276 3763 469 3827 Ordinatum
492 3767 542 3826 est
570 3781 611 3824 ex
632 3761 796 3825 communi
818 3781 951 3825 assensu
972 3762 1059 3844 quod
1083 3762 1220 3844 quilibet
1246 3783 1354 3827 eorum

219 3850 330 3913 veniat
341 3849 382 3912 ad
393 3848 540 3932 praecept’
552 3847 714 3932 praepositi
729 3847 770 3912 ad
781 3847 917 3930 ponend'
930 3847 1022 3910 freth’
1033 3846 1148 3910 hircill'
1161 3854 1194 3912 et
1205 3849 1355 3913 omnibus

219 3935 293 4000 aliis
305 3936 565 4000 ordinacionibus
577 3934 647 4018 [sic]
660 3933 700 3998 ad
710 3954 912 3998 communem
924 3933 1109 4017 proficuum
1119 3972 1162 3982 —
1170 3935 1356 4001 Willelmus

220 4023 300 4105 May
316 4023 461 4105 --cepit
478 4023 492 4105 j
517 4021 685 4104 cotagium,
699 4021 724 4104 ij
747 4040 836 4085 acras
857 4027 949 4084 terrae
971 4040 1050 4102 quas
1066 4021 1208 4104 Bogerus
1223 4022 1358 4087 Litilan-

218 4115 337 4174 notson
351 4109 440 4191 prius
455 4108 562 4174 tenuit
578 4145 591 4156 -
605 4144 620 4154 -

265 4195 408 4260 conos.
452 4195 533 4259 Dies
548 4194 643 4258 datus
663 4198 714 4258 est
728 4193 874 4258 Johanni
894 4191 924 4275 [“
937 4192 1097 4258 Robertc”
1112 4197 1237 4260 written
1259 4197 1359 4280 abaco]

221 4282 367 4346 Barnard
381 4282 423 4346 ad
438 4281 575 4346 faciend'
596 4280 702 4364 legem
724 4300 816 4344 suam
834 4280 874 4344 de
889 4300 927 4345 eo
943 4279 1028 4363 quod
1044 4281 1114 4363 ipse
1129 4303 1188 4346 nac
1204 4303 1285 4347 uxor
1300 4303 1358 4348 sua

218 4371 385 4452 fregerunt
408 4369 440 4434 le
463 4369 632 4452 Damyngs
658 4367 745 4451 apud
769 4367 844 4450 [“le
866 4367 1089 4451 Demmyngs”
1111 4371 1215 4433 struae
1237 4369 1302 4452 mit]
1327 4370 1358 4433 le

219 4455 330 4520 Holm’
348 4456 402 4521 hic
424 4456 465 4520 ad
486 4455 575 4539 prox’
598 4456 672 4519 our'.
719 4455 910 4538 Injunctum
932 4459 982 4518 est
1003 4454 1153 4519 omnibus
1174 4457 1358 4519 tenentibus

217 4543 308 4608 villae
330 4542 417 4627 quod
439 4543 551 4607 nullus
575 4562 684 4607 eorum
705 4546 816 4606 teneat
830 4542 917 4605 viam
940 4541 1026 4624 apud
1048 4541 1079 4606 le
1094 4541 1358 4625 Demmyngs.—
