<?xml version="1.0" encoding="UTF-8"?>
<!DOCTYPE html PUBLIC "-//W3C//DTD XHTML 1.0 Transitional//EN"
    "http://www.w3.org/TR/xhtml1/DTD/xhtml1-transitional.dtd">
<html xmlns="http://www.w3.org/1999/xhtml" xml:lang="en" lang="en">
 <head>
  <title>
</title>
<meta http-equiv="Content-Type" content="text/html;charset=utf-8" />
  <meta name='ocr-system' content='tesseract 3.04.00' />
  <meta name='ocr-capabilities' content='ocr_page ocr_carea ocr_par ocr_line ocrx_word'/>
</head>
<body>
  <div class='ocr_page' id='page_1' title='image "./halmotaprioratu01cathgoog/halmotaprioratu01cathgoog_0223.png"; bbox 0 0 3224 5212; ppageno 0'>
   <div class='ocr_carea' id='block_1_1' title="bbox 297 545 1444 610">
    <p class='ocr_par' dir='ltr' id='par_1_1' title="bbox 297 545 1444 610">
     <span class='ocr_line' id='line_1_1' title="bbox 297 545 1444 610; baseline -0.005 0"><span class='ocrx_word' id='word_1_1' title='bbox 297 549 358 610; x_wconf 82' lang='lat' dir='ltr'><strong>los</strong></span> <span class='ocrx_word' id='word_1_2' title='bbox 561 557 719 608; x_wconf 75' lang='lat' dir='ltr'><strong>umuoru</strong></span> <span class='ocrx_word' id='word_1_3' title='bbox 733 558 916 608; x_wconf 81' lang='lat' dir='ltr'><strong>ruromrus</strong></span> <span class='ocrx_word' id='word_1_4' title='bbox 930 557 1171 608; x_wconf 81' lang='lat' dir='ltr'><strong>nmmnunusrs.</strong></span> <span class='ocrx_word' id='word_1_5' title='bbox 1336 545 1444 605; x_wconf 85' lang='lat'><strong>1381.</strong></span> 
     </span>
    </p>
   </div>
   <div class='ocr_carea' id='block_1_2' title="bbox 294 715 1448 4368">
    <p class='ocr_par' dir='ltr' id='par_1_2' title="bbox 297 715 1446 974">
     <span class='ocr_line' id='line_1_2' title="bbox 339 715 1446 800; baseline -0.005 -18"><span class='ocrx_word' id='word_1_6' title='bbox 339 717 492 782; x_wconf 71' lang='lat' dir='ltr'><strong>Nuusou.</strong></span> <span class='ocrx_word' id='word_1_7' title='bbox 538 717 697 783; x_wconf 84' lang='lat' dir='ltr'><strong>Tenentes</strong></span> <span class='ocrx_word' id='word_1_8' title='bbox 727 716 768 782; x_wconf 89' lang='lat' dir='ltr'><strong>de</strong></span> <span class='ocrx_word' id='word_1_9' title='bbox 791 715 1067 782; x_wconf 84' lang='lat' dir='ltr'><strong>Neutonbieulieu</strong></span> <span class='ocrx_word' id='word_1_10' title='bbox 1097 721 1251 800; x_wconf 88' lang='lat' dir='ltr'><strong>oeperunt</strong></span> <span class='ocrx_word' id='word_1_11' title='bbox 1272 717 1286 799; x_wconf 89' lang='lat' dir='ltr'>j</span> <span class='ocrx_word' id='word_1_12' title='bbox 1308 715 1446 799; x_wconf 85' lang='lat' dir='ltr'>peciam</span> 
     </span>
     <span class='ocr_line' id='line_1_3' title="bbox 297 802 1446 890; baseline -0.002 -22"><span class='ocrx_word' id='word_1_13' title='bbox 297 804 390 890; x_wconf 87' lang='lat' dir='ltr'><strong>prati,</strong></span> <span class='ocrx_word' id='word_1_14' title='bbox 405 825 473 870; x_wconf 82' lang='lat' dir='ltr'><strong>voe</strong></span> <span class='ocrx_word' id='word_1_15' title='bbox 490 804 642 888; x_wconf 84' lang='lat' dir='ltr'><strong>Craobrig</strong></span> <span class='ocrx_word' id='word_1_16' title='bbox 657 804 834 869; x_wconf 78' lang='lat' dir='ltr'><strong>continent</strong></span> <span class='ocrx_word' id='word_1_17' title='bbox 850 805 884 888; x_wconf 87' lang='lat' dir='ltr'><strong>xj</strong></span> <span class='ocrx_word' id='word_1_18' title='bbox 900 825 945 869; x_wconf 84' lang='lat' dir='ltr'><strong>aa.</strong></span> <span class='ocrx_word' id='word_1_19' title='bbox 961 802 1056 888; x_wconf 90' lang='lat' dir='ltr'><strong>prati,</strong></span> <span class='ocrx_word' id='word_1_20' title='bbox 1069 810 1108 868; x_wconf 89' lang='lat' dir='ltr'><strong>ut</strong></span> <span class='ocrx_word' id='word_1_21' title='bbox 1124 804 1247 879; x_wconf 85' lang='lat' dir='ltr'><strong>dicunt,</strong></span> <span class='ocrx_word' id='word_1_22' title='bbox 1262 802 1446 886; x_wconf 75' lang='lat' dir='ltr'>pertinent.</span> 
     </span>
     <span class='ocr_line' id='line_1_4' title="bbox 297 889 1392 974; baseline -0.002 -18"><span class='ocrx_word' id='word_1_23' title='bbox 297 891 441 956; x_wconf 89' lang='lat' dir='ltr'><strong>manerio</strong></span> <span class='ocrx_word' id='word_1_24' title='bbox 456 891 497 957; x_wconf 91' lang='lat' dir='ltr'><strong>de</strong></span> <span class='ocrx_word' id='word_1_25' title='bbox 513 892 662 957; x_wconf 87' lang='lat' dir='ltr'><strong>Bieulieu</strong></span> <span class='ocrx_word' id='word_1_26' title='bbox 684 929 699 942; x_wconf 92' lang='lat'><strong>·</strong></span> <span class='ocrx_word' id='word_1_27' title='bbox 722 931 736 944; x_wconf 94' lang='lat'>-</span> <span class='ocrx_word' id='word_1_28' title='bbox 758 892 800 956; x_wconf 87' lang='lat' dir='ltr'><strong>ad</strong></span> <span class='ocrx_word' id='word_1_29' title='bbox 815 899 905 956; x_wconf 87' lang='lat' dir='ltr'><strong>term.</strong></span> <span class='ocrx_word' id='word_1_30' title='bbox 921 912 944 955; x_wconf 85' lang='lat' dir='ltr'><strong>v</strong></span> <span class='ocrx_word' id='word_1_31' title='bbox 958 911 1019 968; x_wconf 87' lang='lat' dir='ltr'><strong>an,</strong></span> <span class='ocrx_word' id='word_1_32' title='bbox 1032 889 1120 955; x_wconf 84' lang='lat' dir='ltr'><strong>redd.</strong></span> <span class='ocrx_word' id='word_1_33' title='bbox 1135 911 1166 974; x_wconf 89' lang='lat' dir='ltr'><strong>p.</strong></span> <span class='ocrx_word' id='word_1_34' title='bbox 1181 911 1209 955; x_wconf 88' lang='lat' dir='ltr'><strong>a.</strong></span> <span class='ocrx_word' id='word_1_35' title='bbox 1224 891 1272 971; x_wconf 89' lang='lat' dir='ltr'><strong>iiij</strong></span> <span class='ocrx_word' id='word_1_36' title='bbox 1289 910 1312 953; x_wconf 86' lang='lat' dir='ltr'><strong>s.</strong></span> <span class='ocrx_word' id='word_1_37' title='bbox 1334 923 1348 938; x_wconf 91' lang='lat'><strong>·</strong></span> <span class='ocrx_word' id='word_1_38' title='bbox 1372 923 1392 936; x_wconf 92' lang='lat'><strong>··</strong></span> 
     </span>
    </p>

    <p class='ocr_par' dir='ltr' id='par_1_3' title="bbox 297 973 1448 1325">
     <span class='ocr_line' id='line_1_5' title="bbox 340 973 1448 1060; baseline -0.004 -17"><span class='ocrx_word' id='word_1_39' title='bbox 340 980 608 1044; x_wconf 72' lang='lat' dir='ltr'><strong>Wusruarurou.</strong></span> <span class='ocrx_word' id='word_1_40' title='bbox 653 978 730 1043; x_wconf 91' lang='lat' dir='ltr'><strong>Una</strong></span> <span class='ocrx_word' id='word_1_41' title='bbox 751 999 825 1042; x_wconf 87' lang='lat' dir='ltr'><strong>aera</strong></span> <span class='ocrx_word' id='word_1_42' title='bbox 847 979 925 1044; x_wconf 88' lang='lat' dir='ltr'><strong>Rob.</strong></span> <span class='ocrx_word' id='word_1_43' title='bbox 941 977 984 1042; x_wconf 89' lang='lat' dir='ltr'><strong>fil</strong></span> <span class='ocrx_word' id='word_1_44' title='bbox 1007 977 1167 1042; x_wconf 89' lang='lat' dir='ltr'><strong>ethered.</strong></span> <span class='ocrx_word' id='word_1_45' title='bbox 1190 977 1279 1041; x_wconf 91' lang='lat' dir='ltr'><strong>Will</strong></span> <span class='ocrx_word' id='word_1_46' title='bbox 1294 973 1448 1060; x_wconf 86' lang='lat' dir='ltr'><strong>Wryght</strong></span> 
     </span>
     <span class='ocr_line' id='line_1_6' title="bbox 297 1063 1447 1150; baseline -0.003 -20"><span class='ocrx_word' id='word_1_47' title='bbox 297 1071 392 1150; x_wconf 80' lang='lat' dir='ltr'><strong>capta</strong></span> <span class='ocrx_word' id='word_1_48' title='bbox 407 1066 511 1130; x_wconf 86' lang='lat' dir='ltr'><strong>estin</strong></span> <span class='ocrx_word' id='word_1_49' title='bbox 525 1087 625 1130; x_wconf 91' lang='lat' dir='ltr'><strong>manu</strong></span> <span class='ocrx_word' id='word_1_50' title='bbox 644 1065 728 1130; x_wconf 90' lang='lat' dir='ltr'><strong>dom</strong></span> <span class='ocrx_word' id='word_1_51' title='bbox 752 1086 855 1149; x_wconf 86' lang='lat' dir='ltr'><strong>usque</strong></span> <span class='ocrx_word' id='word_1_52' title='bbox 875 1065 916 1129; x_wconf 91' lang='lat' dir='ltr'><strong>ad</strong></span> <span class='ocrx_word' id='word_1_53' title='bbox 937 1065 1068 1149; x_wconf 84' lang='lat' dir='ltr'><strong>plenam</strong></span> <span class='ocrx_word' id='word_1_54' title='bbox 1090 1071 1174 1130; x_wconf 80' lang='lat' dir='ltr'><strong>aetat</strong></span> <span class='ocrx_word' id='word_1_55' title='bbox 1196 1063 1293 1147; x_wconf 84' lang='lat' dir='ltr'><strong>praed.</strong></span> <span class='ocrx_word' id='word_1_56' title='bbox 1308 1064 1447 1128; x_wconf 75' lang='lat' dir='ltr'><strong>Rou-</strong></span> 
     </span>
     <span class='ocr_line' id='line_1_7' title="bbox 297 1149 1446 1241; baseline -0.003 -23"><span class='ocrx_word' id='word_1_57' title='bbox 297 1153 489 1237; x_wconf 79' lang='lat' dir='ltr'><strong>Iujuuotum</strong></span> <span class='ocrx_word' id='word_1_58' title='bbox 504 1160 555 1218; x_wconf 88' lang='lat' dir='ltr'><strong>est</strong></span> <span class='ocrx_word' id='word_1_59' title='bbox 569 1174 653 1218; x_wconf 90' lang='lat' dir='ltr'><strong>omn.</strong></span> <span class='ocrx_word' id='word_1_60' title='bbox 670 1161 734 1218; x_wconf 88' lang='lat' dir='ltr'><strong>ten.</strong></span> <span class='ocrx_word' id='word_1_61' title='bbox 750 1153 846 1230; x_wconf 85' lang='lat' dir='ltr'><strong>villae,</strong></span> <span class='ocrx_word' id='word_1_62' title='bbox 861 1152 948 1241; x_wconf 90' lang='lat' dir='ltr'><strong>quod</strong></span> <span class='ocrx_word' id='word_1_63' title='bbox 964 1152 1074 1216; x_wconf 90' lang='lat' dir='ltr'><strong>nullus</strong></span> <span class='ocrx_word' id='word_1_64' title='bbox 1090 1172 1200 1216; x_wconf 90' lang='lat' dir='ltr'><strong>eorum</strong></span> <span class='ocrx_word' id='word_1_65' title='bbox 1214 1151 1338 1215; x_wconf 80' lang='lat' dir='ltr'><strong>molant</strong></span> <span class='ocrx_word' id='word_1_66' title='bbox 1355 1149 1446 1214; x_wconf 90' lang='lat' dir='ltr'><strong>alibi</strong></span> 
     </span>
     <span class='ocr_line' id='line_1_8' title="bbox 297 1237 1260 1325; baseline 0 -22"><span class='ocrx_word' id='word_1_67' title='bbox 297 1261 396 1325; x_wconf 84' lang='lat' dir='ltr'><strong>quum</strong></span> <span class='ocrx_word' id='word_1_68' title='bbox 411 1239 451 1304; x_wconf 83' lang='lat' dir='ltr'><strong>ed</strong></span> <span class='ocrx_word' id='word_1_69' title='bbox 467 1240 605 1306; x_wconf 89' lang='lat' dir='ltr'><strong>molend.</strong></span> <span class='ocrx_word' id='word_1_70' title='bbox 618 1240 658 1304; x_wconf 89' lang='lat' dir='ltr'><strong>de</strong></span> <span class='ocrx_word' id='word_1_71' title='bbox 673 1241 882 1323; x_wconf 83' lang='lat' dir='ltr'><strong>Estruynton,</strong></span> <span class='ocrx_word' id='word_1_72' title='bbox 894 1239 955 1304; x_wconf 89' lang='lat' dir='ltr'><strong>sub</strong></span> <span class='ocrx_word' id='word_1_73' title='bbox 969 1259 1065 1323; x_wconf 87' lang='lat' dir='ltr'><strong>poena</strong></span> <span class='ocrx_word' id='word_1_74' title='bbox 1080 1237 1122 1302; x_wconf 90' lang='lat' dir='ltr'><strong>di.</strong></span> <span class='ocrx_word' id='word_1_75' title='bbox 1137 1258 1260 1303; x_wconf 83' lang='lat' dir='ltr'><strong>marcae.</strong></span> 
     </span>
    </p>

    <p class='ocr_par' dir='ltr' id='par_1_4' title="bbox 296 1322 1448 2279">
     <span class='ocr_line' id='line_1_9' title="bbox 341 1322 1448 1411; baseline -0.004 -20"><span class='ocrx_word' id='word_1_76' title='bbox 341 1327 527 1392; x_wconf 80' lang='lat' dir='ltr'><strong>waourrr.</strong></span> <span class='ocrx_word' id='word_1_77' title='bbox 570 1327 622 1392; x_wconf 93' lang='lat' dir='ltr'><strong>De</strong></span> <span class='ocrx_word' id='word_1_78' title='bbox 637 1327 759 1391; x_wconf 78' lang='lat' dir='ltr'><strong>Thomu</strong></span> <span class='ocrx_word' id='word_1_79' title='bbox 774 1327 896 1391; x_wconf 88' lang='lat' dir='ltr'><strong>Milner</strong></span> <span class='ocrx_word' id='word_1_80' title='bbox 910 1326 987 1411; x_wconf 89' lang='lat' dir='ltr'><strong>quia</strong></span> <span class='ocrx_word' id='word_1_81' title='bbox 1001 1325 1107 1389; x_wconf 88' lang='lat' dir='ltr'><strong>noluit</strong></span> <span class='ocrx_word' id='word_1_82' title='bbox 1123 1325 1232 1390; x_wconf 88' lang='lat' dir='ltr'><strong>sedere</strong></span> <span class='ocrx_word' id='word_1_83' title='bbox 1245 1326 1282 1388; x_wconf 89' lang='lat' dir='ltr'><strong>in</strong></span> <span class='ocrx_word' id='word_1_84' title='bbox 1296 1323 1388 1389; x_wconf 86' lang='lat' dir='ltr'><strong>ouria</strong></span> <span class='ocrx_word' id='word_1_85' title='bbox 1400 1322 1448 1387; x_wconf 89' lang='lat' dir='ltr'><strong>ad</strong></span> 
     </span>
     <span class='ocr_line' id='line_1_10' title="bbox 297 1411 1447 1499; baseline -0.002 -23"><span class='ocrx_word' id='word_1_86' title='bbox 297 1419 493 1499; x_wconf 85' lang='lat' dir='ltr'><strong>praeoeptum</strong></span> <span class='ocrx_word' id='word_1_87' title='bbox 511 1413 943 1497; x_wconf 70' lang='lat' dir='ltr'><strong>senescalli—Praeceptum</strong></span> <span class='ocrx_word' id='word_1_88' title='bbox 958 1421 1007 1478; x_wconf 89' lang='lat' dir='ltr'><strong>est</strong></span> <span class='ocrx_word' id='word_1_89' title='bbox 1025 1412 1114 1478; x_wconf 87' lang='lat' dir='ltr'><strong>Will</strong></span> <span class='ocrx_word' id='word_1_90' title='bbox 1131 1412 1184 1476; x_wconf 86' lang='lat' dir='ltr'><strong>del</strong></span> <span class='ocrx_word' id='word_1_91' title='bbox 1199 1411 1346 1489; x_wconf 90' lang='lat' dir='ltr'><strong>Kitohin,</strong></span> <span class='ocrx_word' id='word_1_92' title='bbox 1360 1432 1447 1475; x_wconf 88' lang='lat' dir='ltr'><strong>con-</strong></span> 
     </span>
     <span class='ocr_line' id='line_1_11' title="bbox 297 1499 1447 1585; baseline -0.004 -19"><span class='ocrx_word' id='word_1_93' title='bbox 297 1499 474 1566; x_wconf 82' lang='lat' dir='ltr'><strong>stabulario</strong></span> <span class='ocrx_word' id='word_1_94' title='bbox 485 1499 581 1577; x_wconf 86' lang='lat' dir='ltr'><strong>villae,</strong></span> <span class='ocrx_word' id='word_1_95' title='bbox 591 1501 679 1585; x_wconf 92' lang='lat' dir='ltr'><strong>quod</strong></span> <span class='ocrx_word' id='word_1_96' title='bbox 694 1501 827 1566; x_wconf 83' lang='lat' dir='ltr'><strong>arestari</strong></span> <span class='ocrx_word' id='word_1_97' title='bbox 838 1501 937 1566; x_wconf 84' lang='lat' dir='ltr'><strong>faeiat</strong></span> <span class='ocrx_word' id='word_1_98' title='bbox 947 1500 971 1564; x_wconf 88' lang='lat' dir='ltr'><strong>J</strong></span> <span class='ocrx_word' id='word_1_99' title='bbox 972 1500 1021 1566; x_wconf 92' lang='lat' dir='ltr'><strong>oh.</strong></span> <span class='ocrx_word' id='word_1_100' title='bbox 1033 1500 1202 1582; x_wconf 86' lang='lat' dir='ltr'><strong>Chapmau</strong></span> <span class='ocrx_word' id='word_1_101' title='bbox 1216 1499 1257 1563; x_wconf 85' lang='lat' dir='ltr'><strong>ad</strong></span> <span class='ocrx_word' id='word_1_102' title='bbox 1272 1499 1447 1562; x_wconf 89' lang='lat' dir='ltr'><strong>invenien-</strong></span> 
     </span>
     <span class='ocr_line' id='line_1_12' title="bbox 298 1585 1448 1673; baseline -0.002 -23"><span class='ocrx_word' id='word_1_103' title='bbox 298 1586 373 1651; x_wconf 88' lang='lat' dir='ltr'><strong>dam</strong></span> <span class='ocrx_word' id='word_1_104' title='bbox 388 1587 592 1652; x_wconf 79' lang='lat' dir='ltr'><strong>securitatem</strong></span> <span class='ocrx_word' id='word_1_105' title='bbox 607 1589 648 1652; x_wconf 92' lang='lat' dir='ltr'><strong>de</strong></span> <span class='ocrx_word' id='word_1_106' title='bbox 662 1609 751 1673; x_wconf 87' lang='lat' dir='ltr'><strong>paee,</strong></span> <span class='ocrx_word' id='word_1_107' title='bbox 766 1588 827 1653; x_wconf 88' lang='lat' dir='ltr'><strong>sub</strong></span> <span class='ocrx_word' id='word_1_108' title='bbox 840 1608 939 1672; x_wconf 88' lang='lat' dir='ltr'><strong>poena</strong></span> <span class='ocrx_word' id='word_1_109' title='bbox 952 1587 994 1652; x_wconf 90' lang='lat' dir='ltr'><strong>di.</strong></span> <span class='ocrx_word' id='word_1_110' title='bbox 1010 1585 1373 1651; x_wconf 79' lang='lat' dir='ltr'><strong>morose—Ordinatum</strong></span> <span class='ocrx_word' id='word_1_111' title='bbox 1390 1592 1448 1649; x_wconf 89' lang='lat' dir='ltr'><strong>est</strong></span> 
     </span>
     <span class='ocr_line' id='line_1_13' title="bbox 297 1671 1445 1758; baseline -0.002 -21"><span class='ocrx_word' id='word_1_112' title='bbox 297 1675 383 1738; x_wconf 82' lang='lat' dir='ltr'><strong>iufra</strong></span> <span class='ocrx_word' id='word_1_113' title='bbox 406 1673 586 1738; x_wconf 89' lang='lat' dir='ltr'><strong>dominium</strong></span> <span class='ocrx_word' id='word_1_114' title='bbox 610 1676 694 1741; x_wconf 89' lang='lat' dir='ltr'><strong>dom.</strong></span> <span class='ocrx_word' id='word_1_115' title='bbox 720 1675 848 1751; x_wconf 89' lang='lat' dir='ltr'><strong>Prioris,</strong></span> <span class='ocrx_word' id='word_1_116' title='bbox 871 1675 958 1758; x_wconf 91' lang='lat' dir='ltr'><strong>quod</strong></span> <span class='ocrx_word' id='word_1_117' title='bbox 983 1674 1095 1738; x_wconf 91' lang='lat' dir='ltr'><strong>nullus</strong></span> <span class='ocrx_word' id='word_1_118' title='bbox 1121 1692 1232 1738; x_wconf 89' lang='lat' dir='ltr'><strong>eorum</strong></span> <span class='ocrx_word' id='word_1_119' title='bbox 1257 1672 1374 1737; x_wconf 87' lang='lat' dir='ltr'><strong>ludant</strong></span> <span class='ocrx_word' id='word_1_120' title='bbox 1398 1671 1445 1735; x_wconf 92' lang='lat' dir='ltr'><strong>ad</strong></span> 
     </span>
     <span class='ocr_line' id='line_1_14' title="bbox 296 1760 1445 1845; baseline -0.002 -21"><span class='ocrx_word' id='word_1_121' title='bbox 296 1761 503 1845; x_wconf 84' lang='lat' dir='ltr'><strong>pilam-De</strong></span> <span class='ocrx_word' id='word_1_122' title='bbox 526 1763 549 1827; x_wconf 85' lang='lat' dir='ltr'>J</span> <span class='ocrx_word' id='word_1_123' title='bbox 552 1762 602 1828; x_wconf 93' lang='lat' dir='ltr'><strong>oh.</strong></span> <span class='ocrx_word' id='word_1_124' title='bbox 632 1761 676 1827; x_wconf 86' lang='lat' dir='ltr'><strong>fil.</strong></span> <span class='ocrx_word' id='word_1_125' title='bbox 705 1762 790 1826; x_wconf 88' lang='lat' dir='ltr'><strong>Heu.</strong></span> <span class='ocrx_word' id='word_1_126' title='bbox 818 1762 948 1826; x_wconf 88' lang='lat' dir='ltr'><strong>Bulwer</strong></span> <span class='ocrx_word' id='word_1_127' title='bbox 976 1781 1034 1845; x_wconf 91' lang='lat' dir='ltr'><strong>pro</strong></span> <span class='ocrx_word' id='word_1_128' title='bbox 1064 1767 1163 1825; x_wconf 84' lang='lat' dir='ltr'><strong>trans.</strong></span> <span class='ocrx_word' id='word_1_129' title='bbox 1192 1761 1277 1824; x_wconf 83' lang='lat' dir='ltr'><strong>faeta</strong></span> <span class='ocrx_word' id='word_1_130' title='bbox 1305 1760 1445 1823; x_wconf 80' lang='lat' dir='ltr'><strong>Thomae</strong></span> 
     </span>
     <span class='ocr_line' id='line_1_15' title="bbox 297 1846 1444 1934; baseline -0.002 -22"><span class='ocrx_word' id='word_1_131' title='bbox 297 1849 413 1914; x_wconf 86' lang='lat' dir='ltr'><strong>Fisobe</strong></span> <span class='ocrx_word' id='word_1_132' title='bbox 424 1855 459 1914; x_wconf 89' lang='lat' dir='ltr'><strong>et</strong></span> <span class='ocrx_word' id='word_1_133' title='bbox 470 1849 562 1914; x_wconf 90' lang='lat' dir='ltr'><strong>uxori</strong></span> <span class='ocrx_word' id='word_1_134' title='bbox 574 1850 644 1934; x_wconf 83' lang='lat' dir='ltr'><strong>ejus</strong></span> <span class='ocrx_word' id='word_1_135' title='bbox 653 1849 850 1914; x_wconf 89' lang='lat' dir='ltr'><strong>verberando</strong></span> <span class='ocrx_word' id='word_1_136' title='bbox 861 1868 995 1913; x_wconf 89' lang='lat' dir='ltr'><strong>uxorem</strong></span> <span class='ocrx_word' id='word_1_137' title='bbox 1005 1848 1126 1924; x_wconf 81' lang='lat' dir='ltr'><strong>Thom,</strong></span> <span class='ocrx_word' id='word_1_138' title='bbox 1136 1848 1178 1912; x_wconf 87' lang='lat' dir='ltr'><strong>ad</strong></span> <span class='ocrx_word' id='word_1_139' title='bbox 1188 1847 1294 1930; x_wconf 91' lang='lat' dir='ltr'><strong>damp.</strong></span> <span class='ocrx_word' id='word_1_140' title='bbox 1307 1847 1342 1910; x_wconf 96' lang='lat' dir='ltr'><strong>xl</strong></span> <span class='ocrx_word' id='word_1_141' title='bbox 1351 1846 1394 1923; x_wconf 83' lang='lat' dir='ltr'><strong>d,</strong></span> <span class='ocrx_word' id='word_1_142' title='bbox 1406 1853 1444 1910; x_wconf 87' lang='lat' dir='ltr'><strong>et</strong></span> 
     </span>
     <span class='ocr_line' id='line_1_16' title="bbox 298 1933 1444 2019; baseline -0.003 -19"><span class='ocrx_word' id='word_1_143' title='bbox 298 1937 399 2000; x_wconf 86' lang='lat' dir='ltr'><strong>eoiam</strong></span> <span class='ocrx_word' id='word_1_144' title='bbox 415 1936 501 2019; x_wconf 91' lang='lat' dir='ltr'><strong>quod</strong></span> <span class='ocrx_word' id='word_1_145' title='bbox 516 1937 803 2001; x_wconf 86' lang='lat' dir='ltr'><strong>intravithostium</strong></span> <span class='ocrx_word' id='word_1_146' title='bbox 814 1956 948 2000; x_wconf 82' lang='lat' dir='ltr'><strong>eamerae</strong></span> <span class='ocrx_word' id='word_1_147' title='bbox 958 1935 1054 2018; x_wconf 88' lang='lat' dir='ltr'><strong>praed.</strong></span> <span class='ocrx_word' id='word_1_148' title='bbox 1070 1934 1180 1999; x_wconf 87' lang='lat' dir='ltr'><strong>Thom.</strong></span> <span class='ocrx_word' id='word_1_149' title='bbox 1196 1941 1307 1998; x_wconf 88' lang='lat' dir='ltr'><strong>eontra</strong></span> <span class='ocrx_word' id='word_1_150' title='bbox 1321 1933 1444 1997; x_wconf 89' lang='lat' dir='ltr'><strong>volun·</strong></span> 
     </span>
     <span class='ocr_line' id='line_1_17' title="bbox 298 2020 1443 2107; baseline -0.001 -21"><span class='ocrx_word' id='word_1_151' title='bbox 298 2030 400 2088; x_wconf 87' lang='lat' dir='ltr'><strong>tatem</strong></span> <span class='ocrx_word' id='word_1_152' title='bbox 412 2043 513 2099; x_wconf 89' lang='lat' dir='ltr'><strong>suam,</strong></span> <span class='ocrx_word' id='word_1_153' title='bbox 522 2032 618 2106; x_wconf 89' lang='lat' dir='ltr'><strong>prout</strong></span> <span class='ocrx_word' id='word_1_154' title='bbox 629 2030 830 2107; x_wconf 79' lang='lat' dir='ltr'><strong>compertum</strong></span> <span class='ocrx_word' id='word_1_155' title='bbox 841 2023 1066 2105; x_wconf 75' lang='lat' dir='ltr'><strong>esteddamp.</strong></span> <span class='ocrx_word' id='word_1_156' title='bbox 1076 2022 1114 2085; x_wconf 94' lang='lat' dir='ltr'><strong>xl</strong></span> <span class='ocrx_word' id='word_1_157' title='bbox 1122 2021 1162 2099; x_wconf 89' lang='lat' dir='ltr'><strong>d,</strong></span> <span class='ocrx_word' id='word_1_158' title='bbox 1173 2020 1213 2086; x_wconf 90' lang='lat' dir='ltr'><strong>de</strong></span> <span class='ocrx_word' id='word_1_159' title='bbox 1222 2021 1297 2084; x_wconf 86' lang='lat' dir='ltr'><strong>m’ia</strong></span> <span class='ocrx_word' id='word_1_160' title='bbox 1306 2020 1349 2104; x_wconf 90' lang='lat' dir='ltr'><strong>xij</strong></span> <span class='ocrx_word' id='word_1_161' title='bbox 1360 2020 1443 2085; x_wconf 83' lang='lat' dir='ltr'><strong>d-</strong></span> 
     </span>
     <span class='ocr_line' id='line_1_18' title="bbox 297 2108 1442 2195; baseline -0.002 -21"><span class='ocrx_word' id='word_1_162' title='bbox 297 2109 350 2174; x_wconf 90' lang='lat' dir='ltr'><strong>De</strong></span> <span class='ocrx_word' id='word_1_163' title='bbox 375 2109 450 2174; x_wconf 85' lang='lat' dir='ltr'><strong>Joh.</strong></span> <span class='ocrx_word' id='word_1_164' title='bbox 475 2110 630 2174; x_wconf 87' lang='lat' dir='ltr'><strong>Tailliour</strong></span> <span class='ocrx_word' id='word_1_165' title='bbox 659 2112 736 2194; x_wconf 87' lang='lat' dir='ltr'><strong>quia</strong></span> <span class='ocrx_word' id='word_1_166' title='bbox 764 2110 978 2195; x_wconf 88' lang='lat' dir='ltr'><strong>inhospitavit</strong></span> <span class='ocrx_word' id='word_1_167' title='bbox 1008 2110 1194 2174; x_wconf 84' lang='lat' dir='ltr'><strong>Caterinam</strong></span> <span class='ocrx_word' id='word_1_168' title='bbox 1223 2109 1263 2172; x_wconf 94' lang='lat' dir='ltr'><strong>de</strong></span> <span class='ocrx_word' id='word_1_169' title='bbox 1291 2108 1442 2172; x_wconf 88' lang='lat' dir='ltr'><strong>Neusom</strong></span> 
     </span>
     <span class='ocr_line' id='line_1_19' title="bbox 298 2195 1304 2279; baseline -0.002 -19"><span class='ocrx_word' id='word_1_170' title='bbox 298 2203 411 2260; x_wconf 84' lang='lat' dir='ltr'><strong>eontra</strong></span> <span class='ocrx_word' id='word_1_171' title='bbox 424 2195 657 2261; x_wconf 88' lang='lat' dir='ltr'><strong>inhibioionem</strong></span> <span class='ocrx_word' id='word_1_172' title='bbox 672 2198 757 2262; x_wconf 91' lang='lat' dir='ltr'><strong>dom.</strong></span> <span class='ocrx_word' id='word_1_173' title='bbox 773 2197 902 2274; x_wconf 79' lang='lat' dir='ltr'><strong>Primis,</strong></span> <span class='ocrx_word' id='word_1_174' title='bbox 916 2197 957 2261; x_wconf 92' lang='lat' dir='ltr'><strong>de</strong></span> <span class='ocrx_word' id='word_1_175' title='bbox 971 2216 1067 2279; x_wconf 83' lang='lat' dir='ltr'><strong>poene</strong></span> <span class='ocrx_word' id='word_1_176' title='bbox 1081 2196 1234 2279; x_wconf 89' lang='lat' dir='ltr'><strong>imposita</strong></span> <span class='ocrx_word' id='word_1_177' title='bbox 1248 2215 1265 2258; x_wconf 89' lang='lat' dir='ltr'><strong>o</strong></span> <span class='ocrx_word' id='word_1_178' title='bbox 1280 2215 1304 2259; x_wconf 90' lang='lat' dir='ltr'><strong>s.</strong></span> 
     </span>
    </p>

    <p class='ocr_par' dir='ltr' id='par_1_5' title="bbox 298 2281 1440 2541">
     <span class='ocr_line' id='line_1_20' title="bbox 342 2281 1440 2366; baseline 0.001 -21"><span class='ocrx_word' id='word_1_179' title='bbox 342 2282 524 2348; x_wconf 80' lang='lat' dir='ltr'><strong>Morxror.</strong></span> <span class='ocrx_word' id='word_1_180' title='bbox 571 2284 765 2348; x_wconf 88' lang='lat' dir='ltr'><strong>Ordinatum</strong></span> <span class='ocrx_word' id='word_1_181' title='bbox 796 2291 846 2348; x_wconf 88' lang='lat' dir='ltr'><strong>est</strong></span> <span class='ocrx_word' id='word_1_182' title='bbox 870 2304 911 2348; x_wconf 89' lang='lat' dir='ltr'><strong>ex</strong></span> <span class='ocrx_word' id='word_1_183' title='bbox 941 2304 1021 2348; x_wconf 89' lang='lat' dir='ltr'><strong>com.</strong></span> <span class='ocrx_word' id='word_1_184' title='bbox 1051 2303 1194 2359; x_wconf 85' lang='lat' dir='ltr'><strong>assensu,</strong></span> <span class='ocrx_word' id='word_1_185' title='bbox 1209 2282 1295 2366; x_wconf 91' lang='lat' dir='ltr'><strong>quod</strong></span> <span class='ocrx_word' id='word_1_186' title='bbox 1324 2281 1440 2346; x_wconf 89' lang='lat' dir='ltr'><strong>nullus</strong></span> 
     </span>
     <span class='ocr_line' id='line_1_21' title="bbox 298 2369 1440 2455; baseline 0 -21"><span class='ocrx_word' id='word_1_187' title='bbox 298 2389 409 2434; x_wconf 90' lang='lat' dir='ltr'><strong>eorum</strong></span> <span class='ocrx_word' id='word_1_188' title='bbox 424 2374 548 2452; x_wconf 91' lang='lat' dir='ltr'><strong>ponant</strong></span> <span class='ocrx_word' id='word_1_189' title='bbox 563 2391 661 2453; x_wconf 91' lang='lat' dir='ltr'><strong>equos</strong></span> <span class='ocrx_word' id='word_1_190' title='bbox 676 2371 712 2434; x_wconf 92' lang='lat' dir='ltr'><strong>in</strong></span> <span class='ocrx_word' id='word_1_191' title='bbox 733 2371 943 2455; x_wconf 88' lang='lat' dir='ltr'><strong>ligaminibus</strong></span> <span class='ocrx_word' id='word_1_192' title='bbox 964 2377 1134 2435; x_wconf 79' lang='lat' dir='ltr'><strong>noctanter</strong></span> <span class='ocrx_word' id='word_1_193' title='bbox 1148 2369 1234 2434; x_wconf 85' lang='lat' dir='ltr'><strong>infra</strong></span> <span class='ocrx_word' id='word_1_194' title='bbox 1249 2369 1352 2446; x_wconf 78' lang='lat' dir='ltr'><strong>blada,</strong></span> <span class='ocrx_word' id='word_1_195' title='bbox 1374 2369 1440 2434; x_wconf 91' lang='lat' dir='ltr'><strong>sub</strong></span> 
     </span>
     <span class='ocr_line' id='line_1_22' title="bbox 298 2455 965 2541; baseline 0.009 -23"><span class='ocrx_word' id='word_1_196' title='bbox 298 2476 395 2541; x_wconf 90' lang='lat' dir='ltr'><strong>poena</strong></span> <span class='ocrx_word' id='word_1_197' title='bbox 409 2455 556 2538; x_wconf 86' lang='lat' dir='ltr'><strong>qualibet</strong></span> <span class='ocrx_word' id='word_1_198' title='bbox 569 2458 640 2522; x_wconf 88' lang='lat' dir='ltr'><strong>vioe</strong></span> <span class='ocrx_word' id='word_1_199' title='bbox 656 2457 686 2539; x_wconf 90' lang='lat' dir='ltr'><strong>vj</strong></span> <span class='ocrx_word' id='word_1_200' title='bbox 701 2458 730 2522; x_wconf 94' lang='lat' dir='ltr'><strong>d.</strong></span> <span class='ocrx_word' id='word_1_201' title='bbox 746 2457 888 2522; x_wconf 92' lang='lat' dir='ltr'><strong>solvend.</strong></span> <span class='ocrx_word' id='word_1_202' title='bbox 904 2464 965 2525; x_wconf 84' lang='lat' dir='ltr'><strong>eto.</strong></span> 
     </span>
    </p>

    <p class='ocr_par' dir='ltr' id='par_1_6' title="bbox 297 2542 1440 2976">
     <span class='ocr_line' id='line_1_23' title="bbox 343 2542 1440 2627; baseline 0 -21"><span class='ocrx_word' id='word_1_203' title='bbox 343 2542 520 2608; x_wconf 78' lang='lat' dir='ltr'><strong>Suruwxx.</strong></span> <span class='ocrx_word' id='word_1_204' title='bbox 558 2544 638 2608; x_wconf 89' lang='lat' dir='ltr'><strong>Dies</strong></span> <span class='ocrx_word' id='word_1_205' title='bbox 653 2544 748 2608; x_wconf 88' lang='lat' dir='ltr'><strong>datus</strong></span> <span class='ocrx_word' id='word_1_206' title='bbox 764 2551 813 2608; x_wconf 81' lang='lat' dir='ltr'><strong>eet</strong></span> <span class='ocrx_word' id='word_1_207' title='bbox 827 2545 850 2608; x_wconf 86' lang='lat' dir='ltr'><strong>J</strong></span> <span class='ocrx_word' id='word_1_208' title='bbox 852 2545 902 2609; x_wconf 92' lang='lat' dir='ltr'><strong>oh.</strong></span> <span class='ocrx_word' id='word_1_209' title='bbox 914 2544 1007 2620; x_wconf 89' lang='lat' dir='ltr'><strong>Lord‚</strong></span> <span class='ocrx_word' id='word_1_210' title='bbox 1022 2543 1062 2607; x_wconf 90' lang='lat' dir='ltr'><strong>ad</strong></span> <span class='ocrx_word' id='word_1_211' title='bbox 1077 2542 1213 2609; x_wconf 74' lang='lat' dir='ltr'><strong>facienti</strong></span> <span class='ocrx_word' id='word_1_212' title='bbox 1225 2543 1329 2627; x_wconf 87' lang='lat' dir='ltr'><strong>legem</strong></span> <span class='ocrx_word' id='word_1_213' title='bbox 1344 2562 1440 2606; x_wconf 89' lang='lat' dir='ltr'><strong>suam</strong></span> 
     </span>
     <span class='ocr_line' id='line_1_24' title="bbox 298 2629 1439 2716; baseline 0 -23"><span class='ocrx_word' id='word_1_214' title='bbox 298 2629 339 2693; x_wconf 90' lang='lat' dir='ltr'><strong>de</strong></span> <span class='ocrx_word' id='word_1_215' title='bbox 354 2651 391 2693; x_wconf 89' lang='lat' dir='ltr'><strong>eo</strong></span> <span class='ocrx_word' id='word_1_216' title='bbox 411 2630 497 2714; x_wconf 93' lang='lat' dir='ltr'><strong>quod</strong></span> <span class='ocrx_word' id='word_1_217' title='bbox 514 2650 579 2694; x_wconf 88' lang='lat' dir='ltr'><strong>una</strong></span> <span class='ocrx_word' id='word_1_218' title='bbox 594 2651 648 2694; x_wconf 88' lang='lat' dir='ltr'><strong>sus</strong></span> <span class='ocrx_word' id='word_1_219' title='bbox 664 2653 730 2695; x_wconf 93' lang='lat' dir='ltr'><strong>non</strong></span> <span class='ocrx_word' id='word_1_220' title='bbox 745 2633 809 2694; x_wconf 88' lang='lat' dir='ltr'><strong>fuit</strong></span> <span class='ocrx_word' id='word_1_221' title='bbox 823 2639 971 2696; x_wconf 89' lang='lat' dir='ltr'><strong>mortuus</strong></span> <span class='ocrx_word' id='word_1_222' title='bbox 985 2631 1055 2716; x_wconf 82' lang='lat' dir='ltr'><strong>[sio]</strong></span> <span class='ocrx_word' id='word_1_223' title='bbox 1070 2631 1107 2694; x_wconf 91' lang='lat' dir='ltr'><strong>in</strong></span> <span class='ocrx_word' id='word_1_224' title='bbox 1122 2631 1268 2694; x_wconf 82' lang='lat' dir='ltr'><strong>custodia</strong></span> <span class='ocrx_word' id='word_1_225' title='bbox 1281 2650 1349 2706; x_wconf 89' lang='lat' dir='ltr'><strong>sua,</strong></span> <span class='ocrx_word' id='word_1_226' title='bbox 1360 2650 1439 2693; x_wconf 88' lang='lat' dir='ltr'><strong>oum</strong></span> 
     </span>
     <span class='ocr_line' id='line_1_25' title="bbox 297 2716 1438 2801; baseline -0.001 -21"><span class='ocrx_word' id='word_1_227' title='bbox 297 2717 330 2799; x_wconf 88' lang='lat' dir='ltr'><strong>vj</strong></span> <span class='ocrx_word' id='word_1_228' title='bbox 359 2738 468 2794; x_wconf 87' lang='lat' dir='ltr'><strong>manu,</strong></span> <span class='ocrx_word' id='word_1_229' title='bbox 482 2716 536 2782; x_wconf 87' lang='lat' dir='ltr'><strong>hio</strong></span> <span class='ocrx_word' id='word_1_230' title='bbox 558 2718 600 2781; x_wconf 87' lang='lat' dir='ltr'><strong>ad</strong></span> <span class='ocrx_word' id='word_1_231' title='bbox 622 2719 830 2801; x_wconf 80' lang='lat' dir='ltr'><strong>prox—Joh.</strong></span> <span class='ocrx_word' id='word_1_232' title='bbox 850 2719 895 2784; x_wconf 84' lang='lat' dir='ltr'><strong>fil</strong></span> <span class='ocrx_word' id='word_1_233' title='bbox 916 2719 999 2784; x_wconf 85' lang='lat' dir='ltr'><strong>Adae</strong></span> <span class='ocrx_word' id='word_1_234' title='bbox 1021 2739 1047 2783; x_wconf 87' lang='lat' dir='ltr'><strong>o.</strong></span> <span class='ocrx_word' id='word_1_235' title='bbox 1067 2718 1080 2801; x_wconf 87' lang='lat' dir='ltr'>j</span> <span class='ocrx_word' id='word_1_236' title='bbox 1104 2717 1148 2782; x_wconf 89' lang='lat' dir='ltr'><strong>di.</strong></span> <span class='ocrx_word' id='word_1_237' title='bbox 1170 2717 1264 2782; x_wconf 89' lang='lat' dir='ltr'><strong>boud</strong></span> <span class='ocrx_word' id='word_1_238' title='bbox 1291 2717 1332 2781; x_wconf 90' lang='lat' dir='ltr'><strong>ad</strong></span> <span class='ocrx_word' id='word_1_239' title='bbox 1354 2716 1438 2780; x_wconf 88' lang='lat' dir='ltr'><strong>firm.</strong></span> 
     </span>
     <span class='ocr_line' id='line_1_26' title="bbox 299 2803 1440 2888; baseline 0.001 -20"><span class='ocrx_word' id='word_1_240' title='bbox 299 2804 406 2870; x_wconf 85' lang='lat' dir='ltr'><strong>dener.</strong></span> <span class='ocrx_word' id='word_1_241' title='bbox 432 2805 518 2888; x_wconf 93' lang='lat' dir='ltr'><strong>quod</strong></span> <span class='ocrx_word' id='word_1_242' title='bbox 540 2805 629 2888; x_wconf 88' lang='lat' dir='ltr'><strong>prius</strong></span> <span class='ocrx_word' id='word_1_243' title='bbox 652 2807 759 2869; x_wconf 90' lang='lat' dir='ltr'><strong>tenuit</strong></span> <span class='ocrx_word' id='word_1_244' title='bbox 781 2805 823 2869; x_wconf 86' lang='lat' dir='ltr'><strong>ad</strong></span> <span class='ocrx_word' id='word_1_245' title='bbox 844 2806 997 2883; x_wconf 87' lang='lat' dir='ltr'><strong>servicia;</strong></span> <span class='ocrx_word' id='word_1_246' title='bbox 1020 2804 1157 2870; x_wconf 84' lang='lat' dir='ltr'><strong>haband.</strong></span> <span class='ocrx_word' id='word_1_247' title='bbox 1180 2804 1223 2868; x_wconf 88' lang='lat' dir='ltr'><strong>ad</strong></span> <span class='ocrx_word' id='word_1_248' title='bbox 1243 2810 1336 2868; x_wconf 90' lang='lat' dir='ltr'><strong>term.</strong></span> <span class='ocrx_word' id='word_1_249' title='bbox 1359 2803 1440 2869; x_wconf 85' lang='lat' dir='ltr'><strong>vitae</strong></span> 
     </span>
     <span class='ocr_line' id='line_1_27' title="bbox 299 2891 1005 2976; baseline 0.001 -21"><span class='ocrx_word' id='word_1_250' title='bbox 299 2911 375 2966; x_wconf 88' lang='lat' dir='ltr'><strong>suae,</strong></span> <span class='ocrx_word' id='word_1_251' title='bbox 389 2891 477 2956; x_wconf 87' lang='lat' dir='ltr'><strong>redd.</strong></span> <span class='ocrx_word' id='word_1_252' title='bbox 493 2913 523 2974; x_wconf 93' lang='lat' dir='ltr'><strong>p.</strong></span> <span class='ocrx_word' id='word_1_253' title='bbox 540 2913 566 2956; x_wconf 93' lang='lat' dir='ltr'><strong>a.</strong></span> <span class='ocrx_word' id='word_1_254' title='bbox 583 2913 627 2954; x_wconf 93' lang='lat' dir='ltr'><strong>xx</strong></span> <span class='ocrx_word' id='word_1_255' title='bbox 637 2913 660 2956; x_wconf 87' lang='lat' dir='ltr'><strong>s.</strong></span> <span class='ocrx_word' id='word_1_256' title='bbox 677 2900 711 2956; x_wconf 90' lang='lat' dir='ltr'><strong>et</strong></span> <span class='ocrx_word' id='word_1_257' title='bbox 725 2899 845 2976; x_wconf 84' lang='lat' dir='ltr'><strong>argent</strong></span> <span class='ocrx_word' id='word_1_258' title='bbox 861 2893 1005 2956; x_wconf 88' lang='lat' dir='ltr'><strong>Terrarii.</strong></span> 
     </span>
    </p>

    <p class='ocr_par' dir='ltr' id='par_1_7' title="bbox 294 2977 1439 4368">
     <span class='ocr_line' id='line_1_28' title="bbox 342 2977 1439 3062; baseline 0 -21"><span class='ocrx_word' id='word_1_259' title='bbox 342 2979 526 3044; x_wconf 79' lang='lat' dir='ltr'><strong>Hnsrnnnu.</strong></span> <span class='ocrx_word' id='word_1_260' title='bbox 572 2979 664 3042; x_wconf 89' lang='lat' dir='ltr'><strong>Bona</strong></span> <span class='ocrx_word' id='word_1_261' title='bbox 678 2987 711 3044; x_wconf 90' lang='lat' dir='ltr'><strong>et</strong></span> <span class='ocrx_word' id='word_1_262' title='bbox 734 2980 851 3043; x_wconf 83' lang='lat' dir='ltr'><strong>catalla</strong></span> <span class='ocrx_word' id='word_1_263' title='bbox 871 2979 946 3044; x_wconf 76' lang='lat' dir='ltr'><strong>Joln</strong></span> <span class='ocrx_word' id='word_1_264' title='bbox 962 2980 1003 3043; x_wconf 92' lang='lat' dir='ltr'><strong>de</strong></span> <span class='ocrx_word' id='word_1_265' title='bbox 1018 2979 1180 3062; x_wconf 85' lang='lat' dir='ltr'><strong>Reynton.</strong></span> <span class='ocrx_word' id='word_1_266' title='bbox 1226 2977 1439 3061; x_wconf 85' lang='lat' dir='ltr'><strong>Compertum</strong></span> 
     </span>
     <span class='ocr_line' id='line_1_29' title="bbox 299 3064 1437 3150; baseline 0 -23"><span class='ocrx_word' id='word_1_267' title='bbox 299 3070 349 3128; x_wconf 91' lang='lat' dir='ltr'><strong>est</strong></span> <span class='ocrx_word' id='word_1_268' title='bbox 373 3086 432 3148; x_wconf 89' lang='lat' dir='ltr'><strong>per</strong></span> <span class='ocrx_word' id='word_1_269' title='bbox 454 3065 571 3148; x_wconf 84' lang='lat' dir='ltr'><strong>inquis</strong></span> <span class='ocrx_word' id='word_1_270' title='bbox 601 3067 688 3149; x_wconf 92' lang='lat' dir='ltr'><strong>quod</strong></span> <span class='ocrx_word' id='word_1_271' title='bbox 714 3066 788 3131; x_wconf 86' lang='lat' dir='ltr'><strong>Joh.</strong></span> <span class='ocrx_word' id='word_1_272' title='bbox 813 3066 946 3150; x_wconf 85' lang='lat' dir='ltr'><strong>babetj</strong></span> <span class='ocrx_word' id='word_1_273' title='bbox 973 3074 1085 3130; x_wconf 86' lang='lat' dir='ltr'><strong>eareot.</strong></span> <span class='ocrx_word' id='word_1_274' title='bbox 1113 3064 1187 3130; x_wconf 85' lang='lat' dir='ltr'><strong>Job</strong></span> <span class='ocrx_word' id='word_1_275' title='bbox 1210 3065 1251 3128; x_wconf 91' lang='lat' dir='ltr'><strong>de</strong></span> <span class='ocrx_word' id='word_1_276' title='bbox 1274 3065 1437 3150; x_wconf 84' lang='lat' dir='ltr'><strong>Raynton,</strong></span> 
     </span>
     <span class='ocr_line' id='line_1_30' title="bbox 298 3152 1437 3324; baseline 0.002 -24"><span class='ocrx_word' id='word_1_277' title='bbox 298 3153 499 3303; x_wconf 72' lang='lat' dir='ltr'><strong>mm</strong></span> <span class='ocrx_word' id='word_1_278' title='bbox 513 3152 668 3303; x_wconf 67' lang='lat' dir='ltr'><strong>nm</strong></span> <span class='ocrx_word' id='word_1_279' title='bbox 683 3152 1324 3324; x_wconf 63' lang='lat' dir='ltr'><strong>,renarro</strong></span> <span class='ocrx_word' id='word_1_280' title='bbox 1337 3152 1437 3302; x_wconf 72' lang='lat' dir='ltr'><strong>m</strong></span> 
     </span>
     <span class='ocr_line' id='line_1_31' title="bbox 299 3324 1438 3411; baseline 0.004 -25"><span class='ocrx_word' id='word_1_281' title='bbox 299 3325 389 3388; x_wconf 92' lang='lat' dir='ltr'><strong>Will.</strong></span> <span class='ocrx_word' id='word_1_282' title='bbox 406 3324 446 3388; x_wconf 90' lang='lat' dir='ltr'><strong>de</strong></span> <span class='ocrx_word' id='word_1_283' title='bbox 461 3325 615 3409; x_wconf 87' lang='lat' dir='ltr'><strong>Raynton</strong></span> <span class='ocrx_word' id='word_1_284' title='bbox 634 3327 647 3408; x_wconf 93' lang='lat' dir='ltr'>j</span> <span class='ocrx_word' id='word_1_285' title='bbox 672 3337 784 3392; x_wconf 87' lang='lat' dir='ltr'><strong>oareot</strong></span> <span class='ocrx_word' id='word_1_286' title='bbox 801 3348 876 3392; x_wconf 86' lang='lat' dir='ltr'><strong>oum</strong></span> <span class='ocrx_word' id='word_1_287' title='bbox 893 3334 1059 3411; x_wconf 84' lang='lat' dir='ltr'><strong>apparatu,</strong></span> <span class='ocrx_word' id='word_1_288' title='bbox 1074 3327 1130 3409; x_wconf 90' lang='lat' dir='ltr'><strong>etj</strong></span> <span class='ocrx_word' id='word_1_289' title='bbox 1148 3331 1262 3390; x_wconf 86' lang='lat' dir='ltr'><strong>oareet.</strong></span> <span class='ocrx_word' id='word_1_290' title='bbox 1279 3345 1354 3390; x_wconf 86' lang='lat' dir='ltr'><strong>oum</strong></span> <span class='ocrx_word' id='word_1_291' title='bbox 1369 3331 1438 3390; x_wconf 84' lang='lat' dir='ltr'><strong>toto</strong></span> 
     </span>
     <span class='ocr_line' id='line_1_32' title="bbox 300 3410 1437 3498; baseline 0.003 -25"><span class='ocrx_word' id='word_1_292' title='bbox 300 3410 415 3487; x_wconf 86' lang='lat' dir='ltr'><strong>attilio,</strong></span> <span class='ocrx_word' id='word_1_293' title='bbox 424 3431 506 3493; x_wconf 82' lang='lat' dir='ltr'><strong>pree.</strong></span> <span class='ocrx_word' id='word_1_294' title='bbox 516 3413 562 3494; x_wconf 90' lang='lat' dir='ltr'><strong>xij</strong></span> <span class='ocrx_word' id='word_1_295' title='bbox 576 3433 609 3489; x_wconf 81' lang='lat' dir='ltr'><strong>a,</strong></span> <span class='ocrx_word' id='word_1_296' title='bbox 618 3413 697 3477; x_wconf 91' lang='lat' dir='ltr'><strong>item</strong></span> <span class='ocrx_word' id='word_1_297' title='bbox 710 3415 744 3477; x_wconf 89' lang='lat' dir='ltr'><strong>in</strong></span> <span class='ocrx_word' id='word_1_298' title='bbox 757 3435 855 3478; x_wconf 87' lang='lat' dir='ltr'><strong>manu</strong></span> <span class='ocrx_word' id='word_1_299' title='bbox 867 3414 967 3497; x_wconf 89' lang='lat' dir='ltr'><strong>ejusd.</strong></span> <span class='ocrx_word' id='word_1_300' title='bbox 974 3413 998 3498; x_wconf 91' lang='lat' dir='ltr'><strong>j.</strong></span> <span class='ocrx_word' id='word_1_301' title='bbox 1011 3434 1058 3496; x_wconf 89' lang='lat' dir='ltr'><strong>eq.</strong></span> <span class='ocrx_word' id='word_1_302' title='bbox 1070 3433 1156 3497; x_wconf 87' lang='lat' dir='ltr'><strong>pree.</strong></span> <span class='ocrx_word' id='word_1_303' title='bbox 1166 3434 1188 3476; x_wconf 89' lang='lat' dir='ltr'>v</span> <span class='ocrx_word' id='word_1_304' title='bbox 1200 3433 1234 3488; x_wconf 91' lang='lat' dir='ltr'><strong>s.,</strong></span> <span class='ocrx_word' id='word_1_305' title='bbox 1245 3420 1279 3477; x_wconf 90' lang='lat' dir='ltr'><strong>et</strong></span> <span class='ocrx_word' id='word_1_306' title='bbox 1290 3413 1325 3476; x_wconf 92' lang='lat' dir='ltr'><strong>in</strong></span> <span class='ocrx_word' id='word_1_307' title='bbox 1336 3433 1437 3476; x_wconf 93' lang='lat' dir='ltr'><strong>manu</strong></span> 
     </span>
     <span class='ocr_line' id='line_1_33' title="bbox 298 3497 1437 3585; baseline 0.004 -25"><span class='ocrx_word' id='word_1_308' title='bbox 298 3497 373 3564; x_wconf 82' lang='lat' dir='ltr'><strong>Joh.</strong></span> <span class='ocrx_word' id='word_1_309' title='bbox 392 3497 435 3560; x_wconf 89' lang='lat' dir='ltr'><strong>fil</strong></span> <span class='ocrx_word' id='word_1_310' title='bbox 454 3497 530 3562; x_wconf 84' lang='lat' dir='ltr'><strong>Joh.</strong></span> <span class='ocrx_word' id='word_1_311' title='bbox 546 3500 586 3563; x_wconf 92' lang='lat' dir='ltr'><strong>de</strong></span> <span class='ocrx_word' id='word_1_312' title='bbox 608 3499 785 3585; x_wconf 86' lang='lat' dir='ltr'><strong>Rayntonj</strong></span> <span class='ocrx_word' id='word_1_313' title='bbox 804 3521 862 3584; x_wconf 87' lang='lat' dir='ltr'><strong>eq,</strong></span> <span class='ocrx_word' id='word_1_314' title='bbox 876 3521 958 3584; x_wconf 85' lang='lat' dir='ltr'><strong>pree.</strong></span> <span class='ocrx_word' id='word_1_315' title='bbox 974 3520 1042 3577; x_wconf 83' lang='lat' dir='ltr'><strong>vs,</strong></span> <span class='ocrx_word' id='word_1_316' title='bbox 1057 3505 1090 3564; x_wconf 89' lang='lat' dir='ltr'><strong>et</strong></span> <span class='ocrx_word' id='word_1_317' title='bbox 1110 3499 1145 3563; x_wconf 91' lang='lat' dir='ltr'><strong>in</strong></span> <span class='ocrx_word' id='word_1_318' title='bbox 1168 3519 1268 3564; x_wconf 89' lang='lat' dir='ltr'><strong>manu</strong></span> <span class='ocrx_word' id='word_1_319' title='bbox 1289 3499 1380 3563; x_wconf 87' lang='lat' dir='ltr'><strong>Will.</strong></span> <span class='ocrx_word' id='word_1_320' title='bbox 1396 3499 1437 3564; x_wconf 92' lang='lat' dir='ltr'><strong>de</strong></span> 
     </span>
     <span class='ocr_line' id='line_1_34' title="bbox 298 3585 1437 3672; baseline 0.001 -23"><span class='ocrx_word' id='word_1_321' title='bbox 298 3586 451 3669; x_wconf 86' lang='lat' dir='ltr'><strong>Raynton</strong></span> <span class='ocrx_word' id='word_1_322' title='bbox 463 3585 477 3668; x_wconf 85' lang='lat' dir='ltr'>j</span> <span class='ocrx_word' id='word_1_323' title='bbox 494 3606 590 3663; x_wconf 78' lang='lat' dir='ltr'><strong>veen,</strong></span> <span class='ocrx_word' id='word_1_324' title='bbox 601 3606 683 3668; x_wconf 84' lang='lat' dir='ltr'><strong>pree.</strong></span> <span class='ocrx_word' id='word_1_325' title='bbox 700 3587 746 3672; x_wconf 89' lang='lat' dir='ltr'><strong>vij</strong></span> <span class='ocrx_word' id='word_1_326' title='bbox 760 3609 782 3652; x_wconf 90' lang='lat' dir='ltr'><strong>s.</strong></span> <span class='ocrx_word' id='word_1_327' title='bbox 799 3589 831 3671; x_wconf 90' lang='lat' dir='ltr'><strong>vj</strong></span> <span class='ocrx_word' id='word_1_328' title='bbox 845 3587 884 3664; x_wconf 92' lang='lat' dir='ltr'><strong>d.‚</strong></span> <span class='ocrx_word' id='word_1_329' title='bbox 900 3587 983 3652; x_wconf 90' lang='lat' dir='ltr'><strong>etin</strong></span> <span class='ocrx_word' id='word_1_330' title='bbox 997 3607 1097 3650; x_wconf 90' lang='lat' dir='ltr'><strong>manu</strong></span> <span class='ocrx_word' id='word_1_331' title='bbox 1111 3586 1242 3651; x_wconf 80' lang='lat' dir='ltr'><strong>Thomae</strong></span> <span class='ocrx_word' id='word_1_332' title='bbox 1256 3586 1298 3650; x_wconf 92' lang='lat' dir='ltr'><strong>de</strong></span> <span class='ocrx_word' id='word_1_333' title='bbox 1313 3585 1437 3650; x_wconf 89' lang='lat' dir='ltr'><strong>Pollow</strong></span> 
     </span>
     <span class='ocr_line' id='line_1_35' title="bbox 294 3672 1437 3758; baseline 0.002 -22"><span class='ocrx_word' id='word_1_334' title='bbox 294 3672 308 3755; x_wconf 85' lang='lat' dir='ltr'><strong>j</strong></span> <span class='ocrx_word' id='word_1_335' title='bbox 323 3673 486 3736; x_wconf 82' lang='lat' dir='ltr'><strong>caminum</strong></span> <span class='ocrx_word' id='word_1_336' title='bbox 496 3672 536 3738; x_wconf 92' lang='lat' dir='ltr'><strong>de</strong></span> <span class='ocrx_word' id='word_1_337' title='bbox 547 3673 663 3756; x_wconf 89' lang='lat' dir='ltr'><strong>ferro,j</strong></span> <span class='ocrx_word' id='word_1_338' title='bbox 680 3673 851 3758; x_wconf 86' lang='lat' dir='ltr'><strong>plumbum</strong></span> <span class='ocrx_word' id='word_1_339' title='bbox 863 3695 947 3758; x_wconf 85' lang='lat' dir='ltr'><strong>pree.</strong></span> <span class='ocrx_word' id='word_1_340' title='bbox 959 3674 1013 3757; x_wconf 89' lang='lat' dir='ltr'><strong>xvj</strong></span> <span class='ocrx_word' id='word_1_341' title='bbox 1027 3694 1061 3751; x_wconf 84' lang='lat' dir='ltr'><strong>s,</strong></span> <span class='ocrx_word' id='word_1_342' title='bbox 1072 3680 1105 3738; x_wconf 83' lang='lat' dir='ltr'><strong>et</strong></span> <span class='ocrx_word' id='word_1_343' title='bbox 1116 3675 1280 3738; x_wconf 82' lang='lat' dir='ltr'><strong>caminum</strong></span> <span class='ocrx_word' id='word_1_344' title='bbox 1290 3679 1437 3738; x_wconf 81' lang='lat' dir='ltr'><strong>remanet</strong></span> 
     </span>
     <span class='ocr_line' id='line_1_36' title="bbox 298 3759 1434 3845; baseline 0.004 -23"><span class='ocrx_word' id='word_1_345' title='bbox 298 3759 333 3822; x_wconf 92' lang='lat' dir='ltr'><strong>in</strong></span> <span class='ocrx_word' id='word_1_346' title='bbox 356 3781 455 3824; x_wconf 87' lang='lat' dir='ltr'><strong>manu</strong></span> <span class='ocrx_word' id='word_1_347' title='bbox 480 3761 554 3825; x_wconf 85' lang='lat' dir='ltr'><strong>Joh.</strong></span> <span class='ocrx_word' id='word_1_348' title='bbox 577 3761 732 3838; x_wconf 91' lang='lat' dir='ltr'><strong>Matther,</strong></span> <span class='ocrx_word' id='word_1_349' title='bbox 748 3768 781 3825; x_wconf 88' lang='lat' dir='ltr'><strong>et</strong></span> <span class='ocrx_word' id='word_1_350' title='bbox 800 3761 972 3845; x_wconf 90' lang='lat' dir='ltr'><strong>plumbum</strong></span> <span class='ocrx_word' id='word_1_351' title='bbox 993 3768 1138 3825; x_wconf 87' lang='lat' dir='ltr'><strong>remanet</strong></span> <span class='ocrx_word' id='word_1_352' title='bbox 1159 3762 1194 3824; x_wconf 90' lang='lat' dir='ltr'><strong>in</strong></span> <span class='ocrx_word' id='word_1_353' title='bbox 1217 3761 1312 3825; x_wconf 92' lang='lat' dir='ltr'><strong>domo</strong></span> <span class='ocrx_word' id='word_1_354' title='bbox 1334 3760 1434 3842; x_wconf 85' lang='lat' dir='ltr'><strong>ejusd</strong></span> 
     </span>
     <span class='ocr_line' id='line_1_37' title="bbox 296 3845 1436 3932; baseline 0.002 -22"><span class='ocrx_word' id='word_1_355' title='bbox 296 3846 320 3910; x_wconf 83' lang='lat' dir='ltr'><strong>J</strong></span> <span class='ocrx_word' id='word_1_356' title='bbox 322 3845 372 3912; x_wconf 90' lang='lat' dir='ltr'><strong>oh.</strong></span> <span class='ocrx_word' id='word_1_357' title='bbox 387 3847 428 3910; x_wconf 92' lang='lat' dir='ltr'><strong>de</strong></span> <span class='ocrx_word' id='word_1_358' title='bbox 443 3849 605 3932; x_wconf 84' lang='lat' dir='ltr'><strong>Rayuton,</strong></span> <span class='ocrx_word' id='word_1_359' title='bbox 621 3855 655 3913; x_wconf 85' lang='lat' dir='ltr'><strong>et</strong></span> <span class='ocrx_word' id='word_1_360' title='bbox 669 3850 704 3912; x_wconf 93' lang='lat' dir='ltr'><strong>in</strong></span> <span class='ocrx_word' id='word_1_361' title='bbox 726 3849 821 3912; x_wconf 91' lang='lat' dir='ltr'><strong>domo</strong></span> <span class='ocrx_word' id='word_1_362' title='bbox 837 3849 860 3912; x_wconf 84' lang='lat' dir='ltr'><strong>J</strong></span> <span class='ocrx_word' id='word_1_363' title='bbox 862 3849 911 3913; x_wconf 94' lang='lat' dir='ltr'><strong>oh.</strong></span> <span class='ocrx_word' id='word_1_364' title='bbox 928 3848 969 3913; x_wconf 90' lang='lat' dir='ltr'><strong>de</strong></span> <span class='ocrx_word' id='word_1_365' title='bbox 991 3848 1143 3931; x_wconf 87' lang='lat' dir='ltr'><strong>Raynton</strong></span> <span class='ocrx_word' id='word_1_366' title='bbox 1155 3847 1169 3930; x_wconf 87' lang='lat' dir='ltr'>j</span> <span class='ocrx_word' id='word_1_367' title='bbox 1191 3867 1331 3912; x_wconf 84' lang='lat' dir='ltr'><strong>cuneum</strong></span> <span class='ocrx_word' id='word_1_368' title='bbox 1343 3847 1386 3932; x_wconf 70' lang='grc' dir='ltr'><strong>[ἲ]</strong></span> <span class='ocrx_word' id='word_1_369' title='bbox 1402 3854 1436 3912; x_wconf 90' lang='lat' dir='ltr'><strong>et</strong></span> 
     </span>
     <span class='ocr_line' id='line_1_38' title="bbox 297 3932 1434 4020; baseline 0.003 -25"><span class='ocrx_word' id='word_1_370' title='bbox 297 3932 320 4014; x_wconf 93' lang='lat' dir='ltr'><strong>ij</strong></span> <span class='ocrx_word' id='word_1_371' title='bbox 336 3933 494 4010; x_wconf 89' lang='lat' dir='ltr'><strong>hemilles,</strong></span> <span class='ocrx_word' id='word_1_372' title='bbox 508 3956 591 4018; x_wconf 82' lang='lat' dir='ltr'><strong>pree.</strong></span> <span class='ocrx_word' id='word_1_373' title='bbox 608 3937 640 4018; x_wconf 91' lang='lat' dir='ltr'><strong>vj</strong></span> <span class='ocrx_word' id='word_1_374' title='bbox 654 3957 677 4000; x_wconf 82' lang='lat' dir='ltr'><strong>s.</strong></span> <span class='ocrx_word' id='word_1_375' title='bbox 693 3935 750 4019; x_wconf 89' lang='lat' dir='ltr'><strong>viij</strong></span> <span class='ocrx_word' id='word_1_376' title='bbox 764 3936 804 4012; x_wconf 92' lang='lat' dir='ltr'><strong>d.,</strong></span> <span class='ocrx_word' id='word_1_377' title='bbox 814 3936 838 4018; x_wconf 88' lang='lat' dir='ltr'><strong>ij</strong></span> <span class='ocrx_word' id='word_1_378' title='bbox 855 3935 922 4000; x_wconf 91' lang='lat' dir='ltr'><strong>sell.</strong></span> <span class='ocrx_word' id='word_1_379' title='bbox 935 3956 992 4019; x_wconf 90' lang='lat' dir='ltr'><strong>pro</strong></span> <span class='ocrx_word' id='word_1_380' title='bbox 1008 3936 1121 4020; x_wconf 85' lang='lat' dir='ltr'><strong>oariag.</strong></span> <span class='ocrx_word' id='word_1_381' title='bbox 1133 3935 1168 3997; x_wconf 89' lang='lat' dir='ltr'><strong>in</strong></span> <span class='ocrx_word' id='word_1_382' title='bbox 1182 3935 1341 4010; x_wconf 90' lang='lat' dir='ltr'><strong>manibus,</strong></span> <span class='ocrx_word' id='word_1_383' title='bbox 1353 3935 1367 4017; x_wconf 81' lang='lat' dir='ltr'><strong>j</strong></span> <span class='ocrx_word' id='word_1_384' title='bbox 1384 3955 1434 4019; x_wconf 91' lang='lat' dir='ltr'><strong>eq.</strong></span> 
     </span>
     <span class='ocr_line' id='line_1_39' title="bbox 297 4021 1433 4106; baseline 0.003 -24"><span class='ocrx_word' id='word_1_385' title='bbox 297 4039 398 4083; x_wconf 90' lang='lat' dir='ltr'><strong>manu</strong></span> <span class='ocrx_word' id='word_1_386' title='bbox 410 4021 548 4086; x_wconf 83' lang='lat' dir='ltr'><strong>dominae</strong></span> <span class='ocrx_word' id='word_1_387' title='bbox 560 4023 600 4086; x_wconf 92' lang='lat' dir='ltr'><strong>de</strong></span> <span class='ocrx_word' id='word_1_388' title='bbox 615 4022 792 4105; x_wconf 87' lang='lat' dir='ltr'><strong>Herdwyk,</strong></span> <span class='ocrx_word' id='word_1_389' title='bbox 803 4043 886 4106; x_wconf 83' lang='lat' dir='ltr'><strong>pree.</strong></span> <span class='ocrx_word' id='word_1_390' title='bbox 898 4043 921 4086; x_wconf 90' lang='lat' dir='ltr'><strong>x</strong></span> <span class='ocrx_word' id='word_1_391' title='bbox 934 4042 967 4098; x_wconf 81' lang='lat' dir='ltr'><strong>s,</strong></span> <span class='ocrx_word' id='word_1_392' title='bbox 979 4028 1012 4084; x_wconf 93' lang='lat' dir='ltr'><strong>et</strong></span> <span class='ocrx_word' id='word_1_393' title='bbox 1026 4022 1048 4104; x_wconf 87' lang='lat' dir='ltr'><strong>ij</strong></span> <span class='ocrx_word' id='word_1_394' title='bbox 1066 4041 1149 4104; x_wconf 88' lang='lat' dir='ltr'><strong>porc.</strong></span> <span class='ocrx_word' id='word_1_395' title='bbox 1161 4042 1244 4105; x_wconf 88' lang='lat' dir='ltr'><strong>pree.</strong></span> <span class='ocrx_word' id='word_1_396' title='bbox 1256 4022 1304 4104; x_wconf 90' lang='lat' dir='ltr'><strong>iiij</strong></span> <span class='ocrx_word' id='word_1_397' title='bbox 1317 4043 1341 4098; x_wconf 88' lang='lat' dir='ltr'><strong>s,</strong></span> <span class='ocrx_word' id='word_1_398' title='bbox 1353 4028 1387 4086; x_wconf 88' lang='lat' dir='ltr'><strong>et</strong></span> <span class='ocrx_word' id='word_1_399' title='bbox 1397 4022 1433 4085; x_wconf 89' lang='lat' dir='ltr'><strong>in</strong></span> 
     </span>
     <span class='ocr_line' id='line_1_40' title="bbox 297 4107 1436 4192; baseline 0.004 -24"><span class='ocrx_word' id='word_1_400' title='bbox 297 4115 397 4169; x_wconf 85' lang='lat' dir='ltr'><strong>manu</strong></span> <span class='ocrx_word' id='word_1_401' title='bbox 412 4107 445 4169; x_wconf 91' lang='lat' dir='ltr'>N</span> <span class='ocrx_word' id='word_1_402' title='bbox 446 4108 564 4172; x_wconf 86' lang='lat' dir='ltr'><strong>icbolai</strong></span> <span class='ocrx_word' id='word_1_403' title='bbox 578 4109 618 4173; x_wconf 92' lang='lat' dir='ltr'><strong>de</strong></span> <span class='ocrx_word' id='word_1_404' title='bbox 635 4108 801 4192; x_wconf 87' lang='lat' dir='ltr'><strong>Herdwyk</strong></span> <span class='ocrx_word' id='word_1_405' title='bbox 813 4111 826 4192; x_wconf 91' lang='lat' dir='ltr'>j</span> <span class='ocrx_word' id='word_1_406' title='bbox 843 4115 933 4174; x_wconf 85' lang='lat' dir='ltr'><strong>tract.</strong></span> <span class='ocrx_word' id='word_1_407' title='bbox 949 4109 989 4172; x_wconf 91' lang='lat' dir='ltr'><strong>de</strong></span> <span class='ocrx_word' id='word_1_408' title='bbox 1004 4109 1087 4172; x_wconf 86' lang='lat' dir='ltr'><strong>ferro</strong></span> <span class='ocrx_word' id='word_1_409' title='bbox 1102 4109 1125 4191; x_wconf 90' lang='lat' dir='ltr'><strong>ij</strong></span> <span class='ocrx_word' id='word_1_410' title='bbox 1138 4109 1368 4192; x_wconf 85' lang='lat' dir='ltr'><strong>s.-Compert.</strong></span> <span class='ocrx_word' id='word_1_411' title='bbox 1385 4116 1436 4173; x_wconf 87' lang='lat' dir='ltr'><strong>est</strong></span> 
     </span>
     <span class='ocr_line' id='line_1_41' title="bbox 298 4193 1432 4278; baseline 0.004 -23"><span class='ocrx_word' id='word_1_412' title='bbox 298 4212 356 4274; x_wconf 91' lang='lat' dir='ltr'><strong>per</strong></span> <span class='ocrx_word' id='word_1_413' title='bbox 381 4193 498 4276; x_wconf 90' lang='lat' dir='ltr'><strong>inquis.</strong></span> <span class='ocrx_word' id='word_1_414' title='bbox 524 4195 611 4277; x_wconf 91' lang='lat' dir='ltr'><strong>quod</strong></span> <span class='ocrx_word' id='word_1_415' title='bbox 638 4196 679 4259; x_wconf 93' lang='lat' dir='ltr'><strong>Is.</strong></span> <span class='ocrx_word' id='word_1_416' title='bbox 706 4197 806 4260; x_wconf 84' lang='lat' dir='ltr'><strong>reliot</strong></span> <span class='ocrx_word' id='word_1_417' title='bbox 834 4197 902 4261; x_wconf 83' lang='lat' dir='ltr'><strong>Rie</strong></span> <span class='ocrx_word' id='word_1_418' title='bbox 929 4196 1069 4260; x_wconf 89' lang='lat' dir='ltr'><strong>Watson</strong></span> <span class='ocrx_word' id='word_1_419' title='bbox 1090 4203 1259 4278; x_wconf 80' lang='lat' dir='ltr'><strong>recuperet</strong></span> <span class='ocrx_word' id='word_1_420' title='bbox 1279 4196 1320 4260; x_wconf 91' lang='lat' dir='ltr'><strong>de</strong></span> <span class='ocrx_word' id='word_1_421' title='bbox 1340 4196 1432 4260; x_wconf 90' lang='lat' dir='ltr'><strong>Will.</strong></span> 
     </span>
     <span class='ocr_line' id='line_1_42' title="bbox 298 4278 844 4368; baseline 0.011 -27"><span class='ocrx_word' id='word_1_422' title='bbox 298 4278 438 4342; x_wconf 81' lang='lat' dir='ltr'><strong>Currour</strong></span> <span class='ocrx_word' id='word_1_423' title='bbox 451 4300 509 4362; x_wconf 90' lang='lat' dir='ltr'><strong>pro</strong></span> <span class='ocrx_word' id='word_1_424' title='bbox 524 4281 547 4364; x_wconf 83' lang='lat' dir='ltr'><strong>ij</strong></span> <span class='ocrx_word' id='word_1_425' title='bbox 564 4289 676 4347; x_wconf 83' lang='lat' dir='ltr'><strong>careat.</strong></span> <span class='ocrx_word' id='word_1_426' title='bbox 687 4283 764 4361; x_wconf 90' lang='lat' dir='ltr'><strong>fimi,</strong></span> <span class='ocrx_word' id='word_1_427' title='bbox 779 4284 801 4368; x_wconf 91' lang='lat' dir='ltr'><strong>ij</strong></span> <span class='ocrx_word' id='word_1_428' title='bbox 814 4283 844 4348; x_wconf 89' lang='lat' dir='ltr'><strong>d.</strong></span> 
     </span>
    </p>
   </div>
   <div class='ocr_carea' id='block_1_3' title="bbox 294 4453 1432 4711">
    <p class='ocr_par' dir='ltr' id='par_1_8' title="bbox 294 4453 1432 4711">
     <span class='ocr_line' id='line_1_43' title="bbox 342 4453 1431 4541; baseline 0.006 -26"><span class='ocrx_word' id='word_1_429' title='bbox 342 4457 434 4517; x_wconf 88' lang='grc'><strong>1381.</strong></span> <span class='ocrx_word' id='word_1_430' title='bbox 466 4453 654 4538; x_wconf 90' lang='lat' dir='ltr'><strong>II.-—Apud</strong></span> <span class='ocrx_word' id='word_1_431' title='bbox 685 4456 878 4541; x_wconf 80' lang='lat' dir='ltr'><strong>Pittyngton</strong></span> <span class='ocrx_word' id='word_1_432' title='bbox 910 4456 964 4520; x_wconf 93' lang='lat' dir='ltr'><strong>die</strong></span> <span class='ocrx_word' id='word_1_433' title='bbox 993 4456 1094 4520; x_wconf 88' lang='lat' dir='ltr'><strong>Lunae</strong></span> <span class='ocrx_word' id='word_1_434' title='bbox 1130 4475 1218 4538; x_wconf 90' lang='lat' dir='ltr'><strong>prox.</strong></span> <span class='ocrx_word' id='word_1_435' title='bbox 1256 4459 1331 4520; x_wconf 88' lang='lat' dir='ltr'><strong>ante</strong></span> <span class='ocrx_word' id='word_1_436' title='bbox 1361 4456 1431 4521; x_wconf 82' lang='lat' dir='ltr'><strong>fest</strong></span> 
     </span>
     <span class='ocr_line' id='line_1_44' title="bbox 296 4540 1432 4619; baseline 0.004 -17"><span class='ocrx_word' id='word_1_437' title='bbox 296 4540 450 4603; x_wconf 90' lang='lat' dir='ltr'><strong>Omnium</strong></span> <span class='ocrx_word' id='word_1_438' title='bbox 474 4540 672 4619; x_wconf 80' lang='lat' dir='ltr'><strong>Sanctorum,</strong></span> <span class='ocrx_word' id='word_1_439' title='bbox 688 4563 795 4607; x_wconf 86' lang='lat' dir='ltr'><strong>eoram</strong></span> <span class='ocrx_word' id='word_1_440' title='bbox 817 4544 928 4610; x_wconf 84' lang='lat' dir='ltr'><strong>Thom.</strong></span> <span class='ocrx_word' id='word_1_441' title='bbox 948 4544 988 4608; x_wconf 91' lang='lat' dir='ltr'><strong>de</strong></span> <span class='ocrx_word' id='word_1_442' title='bbox 1012 4543 1160 4618; x_wconf 76' lang='lat' dir='ltr'><strong>claxton,</strong></span> <span class='ocrx_word' id='word_1_443' title='bbox 1175 4563 1241 4608; x_wconf 89' lang='lat' dir='ltr'><strong>sen.</strong></span> <span class='ocrx_word' id='word_1_444' title='bbox 1258 4543 1367 4607; x_wconf 87' lang='lat' dir='ltr'><strong>Thom</strong></span> <span class='ocrx_word' id='word_1_445' title='bbox 1392 4544 1432 4607; x_wconf 90' lang='lat' dir='ltr'><strong>de</strong></span> 
     </span>
     <span class='ocr_line' id='line_1_45' title="bbox 294 4627 945 4711; baseline 0.005 -20"><span class='ocrx_word' id='word_1_446' title='bbox 294 4627 436 4711; x_wconf 87' lang='lat' dir='ltr'><strong>Corbrig,</strong></span> <span class='ocrx_word' id='word_1_447' title='bbox 451 4627 544 4703; x_wconf 82' lang='lat' dir='ltr'><strong>burs,</strong></span> <span class='ocrx_word' id='word_1_448' title='bbox 560 4630 583 4693; x_wconf 84' lang='lat' dir='ltr'><strong>J</strong></span> <span class='ocrx_word' id='word_1_449' title='bbox 585 4629 633 4692; x_wconf 93' lang='lat' dir='ltr'><strong>oh.</strong></span> <span class='ocrx_word' id='word_1_450' title='bbox 650 4630 690 4693; x_wconf 90' lang='lat' dir='ltr'><strong>de</strong></span> <span class='ocrx_word' id='word_1_451' title='bbox 705 4630 802 4694; x_wconf 89' lang='lat' dir='ltr'><strong>Elvet</strong></span> <span class='ocrx_word' id='word_1_452' title='bbox 817 4637 850 4695; x_wconf 89' lang='lat' dir='ltr'><strong>et</strong></span> <span class='ocrx_word' id='word_1_453' title='bbox 864 4630 945 4694; x_wconf 86' lang='lat' dir='ltr'><strong>aliis.</strong></span> 
     </span>
    </p>
   </div>
   <div class='ocr_carea' id='block_1_4' title="bbox 0 0 1616 5212">
    <p class='ocr_par' dir='ltr' id='par_1_9' title="bbox 0 0 1616 5212">
     <span class='ocr_line' id='line_1_46' title="bbox 0 0 1616 5212; baseline 0 0"><span class='ocrx_word' id='word_1_454' title='bbox 0 0 1616 5212; x_wconf 95' lang='lat' dir='ltr'><strong> </strong></span> 
     </span>
    </p>
   </div>
  </div>
 </body>
</html>
