3224 5212
270 577 331 635 122
527 582 684 632 nannoni
699 581 879 632 cnonarus
895 581 1132 632 nuenarianam.
1209 570 1403 634 1373-1374.

267 744 309 809 de
320 744 393 827 jure
406 739 514 804 viduae
528 759 566 804 eo
581 739 667 823 quod
682 739 793 804 nullus
808 740 847 804 de
862 739 1018 823 sanguine
1039 740 1141 824 ipsius
1156 741 1236 806 Eliae
1250 761 1308 824 pro
1323 761 1403 824 prae-

268 831 357 895 dicta
384 827 557 892 medietate
590 827 682 890 finire
717 826 874 890 voluerit:
907 826 1043 891 habend'
1078 833 1112 891 et
1140 828 1205 891 ten'
1234 828 1276 891 ad
1312 834 1402 892 term

267 918 343 981 vitae
365 935 432 980 suae
452 914 641 977 adfirmem
665 910 771 976 denar?
783 937 791 977 :
813 913 898 978 redd.
925 913 1001 978 inde
1027 915 1183 978 scaccario
1208 934 1265 998 pro
1290 915 1403 998 primis

267 1003 394 1068 duobus
415 999 509 1064 annis
523 999 669 1084 quolibet
690 1019 775 1062 anno
793 1004 867 1076 18s,
881 1003 915 1064 et
936 1004 1048 1082 postea
1061 1000 1207 1084 quolibet
1227 1021 1312 1065 enno
1336 1007 1402 1064 20s.

268 1095 302 1156 et
311 1094 479 1174 argentum
490 1085 625 1162 terrarii,
634 1085 744 1150 servic'
756 1086 853 1150 debit’
863 1085 952 1162 offic',
961 1087 1021 1150 viz.
1032 1087 1181 1150 celerario
1193 1091 1226 1151 et
1235 1087 1403 1151 elemosin-

269 1177 354 1241 ario:
368 1180 402 1240 et
415 1173 475 1238 fac'
486 1173 627 1238 Domino
643 1171 740 1256 [etc.].
772 1172 866 1257 Cepit
877 1173 979 1238 eciam
994 1193 1096 1236 unum
1107 1173 1303 1258 hondagium
1317 1173 1403 1256 quod

268 1263 402 1347 praefata
415 1259 522 1323 Alicia
535 1259 624 1342 prius
639 1259 746 1322 tenuit
759 1265 798 1322 ut
812 1259 852 1323 de
862 1259 935 1341 jure
943 1259 1067 1323 viduae:
1084 1259 1221 1324 habend'
1233 1265 1266 1324 et
1275 1260 1403 1324 tenend¹

268 1349 309 1414 ad
324 1357 414 1413 term.
430 1347 506 1408 vitae
521 1365 605 1408 suae:
626 1343 713 1409 redd.
729 1351 762 1408 et
776 1345 922 1410 faciendo
938 1346 1072 1430 antiqua
1094 1347 1229 1410 servicia
1243 1353 1277 1410 et
1298 1346 1404 1410 reddi·

268 1441 323 1500 tus
339 1470 352 1483 -
367 1433 438 1496 -Et
453 1431 509 1495 dat
523 1450 581 1514 pro
595 1431 739 1514 gres’m’a
754 1431 825 1496 lod

312 1521 467 1585 Scaenae.
511 1519 562 1582 De
588 1517 739 1582 Johanne
764 1518 804 1582 de
826 1518 954 1603 Marlay
976 1539 1033 1602 pro
1055 1519 1191 1583 licencia
1212 1519 1404 1583 tabernandi

267 1611 452 1673 tenementa
465 1624 525 1669 sua
539 1603 580 1668 ad
594 1610 684 1669 term.
699 1603 777 1669 vitae
791 1604 875 1688 Agn’
891 1605 1000 1669 uxoris
1015 1625 1082 1670 suae
1096 1606 1157 1670 viz.
1172 1607 1209 1668 in
1222 1607 1405 1687 Wyuestou

268 1701 302 1761 et
324 1694 359 1757 in
380 1694 411 1758 le
433 1691 545 1756 Sheles
567 1711 632 1754 uno
654 1689 828 1756 sufficienti
850 1692 985 1768 tenenti,
1008 1691 1098 1756 40d:
1124 1693 1324 1757 condonatur
1344 1713 1403 1776 per

267 1781 445 1847 terrarium.

312 1869 493 1932 Hesnmnn.
537 1864 654 1928 Petrus
680 1863 801 1929 Milner
825 1864 865 1927 de
891 1865 1047 1929 Schotton
1069 1865 1156 1949 cepit
1181 1864 1403 1930 molendinum

268 1954 476 2021 ventriticum
491 1951 531 2016 de
546 1950 712 2016 Hesilden.
722 1989 766 1998 -
777 1951 827 2016 De
842 1951 1029 2015 Alexandro
1044 1951 1165 2016 Milner
1186 1972 1243 2035 pro
1259 1973 1331 2016 arca
1344 1973 1403 2034 pro

267 2043 411 2106 multura
430 2043 591 2104 reservata
612 2043 774 2121 asportata
795 2036 835 2102 de
858 2037 1043 2102 molendino
1058 2075 1072 2087 ·
1087 2077 1100 2088 -
1118 2039 1167 2103 ed.
1213 2039 1404 2121 Injunctum

266 2133 316 2193 est
330 2127 435 2197 eidem
443 2125 520 2210 quia
534 2124 648 2208 [quod]
663 2123 789 2188 differat
803 2124 989 2207 praedictam
1003 2125 1115 2189 arkam
1126 2125 1167 2190 ad
1181 2124 1403 2189 molendinum

266 2215 352 2279 inira
366 2231 516 2276 mensem.

311 2301 454 2365 Coenon.
499 2295 672 2380 [Fourteen
683 2296 788 2379 jurors
802 2295 870 2360 find
886 2295 959 2360 that
981 2297 1096 2362 twelve
1118 2318 1259 2382 persons,
1274 2297 1403 2362 includ-

267 2389 324 2470 ing
337 2385 393 2450 tho
408 2384 506 2448 Vicar
521 2381 556 2446 of
569 2382 768 2468 Billingham
782 2383 847 2446 and
861 2382 917 2446 the
932 2391 1062 2448 servant
1076 2385 1113 2448 oi
1131 2385 1221 2451 John
1242 2385 1355 2449 Pulter
1370 2385 1407 2447 of

268 2472 424 2547 Durham‚
438 2469 555 2534 chased
569 2469 605 2532 in
626 2468 683 2533 the
697 2490 819 2534 warren
834 2469 870 2533 oi
888 2469 944 2534 the
960 2470 1050 2536 Prior
1064 2471 1099 2535 in
1115 2491 1268 2536 common.
1313 2471 1405 2553 They

267 2561 363 2624 know
378 2563 436 2621 not
447 2557 535 2620 what
544 2576 611 2620 was
626 2555 747 2640 taken]
763 2563 780 2589 “
789 2555 845 2620 sed
860 2555 975 2621 dicunt
990 2557 1076 2640 quod
1090 2558 1283 2622 audiverunt
1297 2557 1404 2622 dicere

266 2646 353 2731 quod
362 2645 499 2708 Thomas
510 2642 596 2707 filius
608 2642 744 2706 Andreae
753 2643 827 2726 [one
840 2642 875 2706 of
886 2642 942 2707 the
957 2643 1128 2728 offenders]
1144 2645 1228 2708 dixit
1242 2645 1299 2708 ubi
1311 2644 1403 2708 volu·

267 2734 329 2799 erit
344 2733 448 2797 dicere
462 2729 549 2814 quod
563 2728 678 2793 habuit
691 2729 736 2812 vij
753 2749 810 2812 pro
824 2734 915 2812 perta
930 2730 1014 2794 sua’'

309 2818 446 2884 Esr·M’.
491 2815 684 2881 Ordinatum
698 2823 749 2879 est
769 2836 810 2880 ex
825 2817 990 2880 communi
1011 2836 1144 2882 assensu
1158 2817 1244 2900 quod
1265 2815 1405 2899 quilibet

267 2927 377 2972 corum
391 2910 501 2969 teneat
515 2907 634 2967 terram
649 2921 739 2965 suam
755 2902 791 2966 in
806 2901 933 2966 cultura
947 2902 995 2967 ita
1008 2904 1095 2986 quod
1109 2903 1247 2987 quilibet
1264 2903 1404 2969 seminat

266 3000 384 3058 terram
409 3011 501 3054 suam
523 2992 619 3072 prout
644 2988 750 3072 campi
772 2989 882 3073 jacent
911 2991 1092 3054 accerses
1118 2991 1154 3054 in
1179 2991 1281 3073 camp'
1307 2995 1405 3073 prout

267 3080 400 3162 antique
415 3076 569 3142 solebant.

310 3163 614 3229 Numan-mmor.
658 3159 821 3225 Walterus
846 3160 995 3245 Biscopp,
1021 3161 1177 3226 Ricardus
1203 3163 1344 3239 Neston,
1370 3167 1405 3226 et

200 3301 203 3308 .
267 3252 428 3316 Walterus
440 3247 599 3323 Mustard,
610 3246 679 3330 jur'.
691 3285 735 3296 —
745 3246 826 3311 Dies
841 3246 936 3311 datus
951 3253 999 3311 est
1011 3248 1176 3313 Willelmo
1188 3249 1254 3313 filio
1265 3249 1406 3312 Walteri

267 3338 428 3418 Bieehopp
452 3335 493 3397 ad
515 3333 573 3397 fac'
595 3333 699 3417 legem
717 3353 808 3396 suam
831 3332 871 3397 de
893 3354 931 3399 eo
953 3333 1040 3417 quod
1062 3335 1115 3418 pd.
1130 3335 1315 3399 Willelmus
1337 3356 1405 3398 non

265 3422 425 3508 percussit
438 3436 541 3483 unum
552 3419 737 3501 jumentum
752 3422 775 3485 J
777 3418 915 3484 ohannis
930 3419 1079 3484 Mastard
1094 3421 1135 3485 ed
1145 3422 1235 3505 prcx’
1248 3421 1311 3486 cur'
1327 3441 1405 3485 cnm

266 3510 299 3594 vj
316 3528 422 3572 manu.
467 3505 553 3588 Pleg.
569 3504 609 3569 de
622 3503 702 3588 lege,
716 3505 846 3569 Ricardi
860 3506 901 3570 de
914 3505 949 3569 N
949 3511 1055 3572 auton.

313 3683 404 3746 1374.
421 3674 588 3761 I.—Apud
605 3675 720 3754 Heb'n,
735 3677 790 3753 die,
802 3679 901 3742 Lunae
916 3699 1004 3762 prox,
1020 3687 1095 3764 post
1109 3680 1179 3744 fest.
1196 3680 1225 3744 S.
1242 3681 1265 3745 J
1267 3679 1405 3744 ohannis

266 3769 422 3853 Baptista
437 3785 542 3831 coram
556 3764 579 3828 J
581 3763 707 3827 ohanne
722 3763 762 3829 de
777 3764 964 3849 Beryngton
979 3772 1050 3832 terr.
1067 3767 1207 3850 Hugone
1223 3766 1262 3830 de
1271 3767 1405 3849 Hawyk

265 3858 351 3921 burs.
366 3855 489 3918 Thomu
503 3853 638 3934 Surtays
653 3855 686 3914 et
700 3849 740 3913 al.

308 3944 547 4006 Pmmncrons.
593 3937 783 4020 Injunotum
798 3941 848 4000 est
862 3937 1012 4003 omnibus
1023 3939 1208 4003 tenentibus
1220 3939 1307 4002 villae
1316 3939 1405 4022 quod

266 4027 376 4090 nullus
402 4045 512 4090 eorum
536 4031 646 4090 emant
673 4023 742 4107 [cic]
765 4022 933 4088 cervisiam
959 4025 1037 4089 alibi
1061 4025 1127 4089 nisi
1148 4025 1189 4089 ad
1210 4025 1338 4089 Matild'
1362 4025 1404 4089 de

266 4111 416 4177 Howden
431 4112 511 4175 dum
524 4110 622 4176 hahet
636 4110 805 4174 cervisiam
819 4109 1040 4175 sufficientem.

308 4199 445 4262 Eas-M’.
489 4197 682 4280 injunctum
704 4201 754 4260 est
771 4196 844 4279 jur',
867 4197 908 4260 ad
929 4197 1112 4280 inquirend’
1135 4203 1169 4262 et
1189 4199 1405 4281 praesentand’

264 4285 293 4351 si
316 4286 430 4348 Petrus
452 4282 575 4346 Milner
595 4282 753 4346 firmarius
775 4282 913 4347 molend’
928 4284 1015 4369 cepit
1029 4284 1070 4348 de
1091 4285 1230 4350 Roberto
1245 4284 1285 4350 de
1308 4285 1404 4369 May-

264 4371 392 4438 nesford
407 4368 545 4432 firmario
567 4368 702 4431 manerii
716 4367 756 4434 de
778 4369 899 4434 EstM'
914 4375 947 4434 et
970 4369 1098 4434 famulis
1114 4372 1182 4436 suis
1203 4372 1298 4436 aliter
1318 4372 1403 4435 mul-

263 4466 369 4524 turam
392 4477 490 4541 quam
513 4473 624 4538 capere
642 4452 771 4518 deberet
794 4456 834 4519 de
854 4457 927 4539 jure
947 4463 979 4521 et
1002 4463 1113 4522 contra
1135 4459 1401 4523 consuetudinem

265 4548 427 4622 usitatam,
442 4549 475 4607 et
488 4542 517 4606 ai
531 4546 591 4606 etc.
607 4545 640 4606 et
654 4541 695 4605 ad
710 4562 782 4624 quae
798 4542 945 4625 dampna.
