3224 5212
163 571 253 632 1380.
422 584 580 633 xxnuorx
603 585 785 634 rxrorxrus
809 585 1049 635 nuxnnurxsrs.
1242 577 1302 635 163

159 740 290 805 Thomae
313 741 490 826 Ohapmcn,
514 743 696 807 devorando
718 743 741 827 ij
766 742 888 808 bident.
913 765 972 827 per
996 765 1108 809 canem
1135 766 1240 821 suum,
1262 746 1302 810 de

158 827 264 911 dcmp.
281 829 326 912 xij
338 829 367 893 d.
411 829 506 894 Serere
520 832 604 912 flues
626 851 680 894 arc
702 832 841 914 imposed
860 852 919 914 pro
941 852 1000 896 ass.
1017 832 1127 896 cervis.
1143 833 1208 895 und
1222 833 1303 916 jour

158 935 215 999 pro
230 915 310 997 leyr.
356 919 426 979 Two
435 929 505 1000 pay
519 937 577 1000 pro
592 917 708 982 merch.

200 1003 423 1068 Worvrsror.
467 1005 546 1068 Rob.
570 1005 610 1068 de
632 1005 825 1069 Wermouth
848 1005 899 1087 ej
923 1011 988 1070 ten.
1012 1005 1105 1089 xxiiij
1130 1026 1174 1070 ce.
1191 1012 1247 1071 ter.
1265 1043 1301 1054 --

159 1095 192 1152 et
213 1090 322 1153 eciam.
348 1090 388 1154 de
410 1091 434 1172 ij
457 1112 483 1155 a.
501 1091 535 1174 iij
546 1112 569 1155 r.
586 1092 671 1175 prati
693 1099 795 1156 vocet
811 1092 1018 1156 Edmondens
1042 1092 1174 1156 habebit
1185 1093 1199 1175 j
1211 1114 1237 1156 a.
1250 1094 1263 1176 j
1275 1115 1299 1157 r.

159 1183 192 1239 et
206 1176 259 1254 di.‚
270 1176 357 1240 redd.
374 1198 403 1260 p.
420 1198 447 1241 ε.
463 1179 510 1261 iiij
523 1199 545 1242 s.
571 1215 583 1226 -
609 1222 620 1232 -
646 1179 881 1242 Praesentatum
895 1186 945 1242 est
959 1199 1017 1263 per
1030 1179 1116 1263 Hug.
1133 1179 1299 1244 Hurdelad

158 1283 331 1327 messorem
364 1265 452 1348 quod
481 1265 700 1349 inpignoravit
733 1265 815 1328 lxxx
845 1265 966 1331 bident.
996 1287 1077 1350 quos
1107 1267 1234 1330 invenit
1263 1266 1299 1330 in

158 1351 291 1432 ceperal.
308 1352 390 1414 dom.
407 1353 443 1414 in
461 1373 573 1436 campo
589 1353 629 1416 de
643 1352 842 1429 Wolveston,
857 1353 891 1416 iu
914 1353 1053 1435 quadum
1073 1353 1179 1436 placid
1196 1361 1297 1418 vocat.

159 1437 304 1514 Pethsid,
319 1445 352 1502 et
367 1439 445 1502 Rob.
462 1439 553 1503 Todd
567 1439 641 1502 illos
656 1440 809 1504 rescussit
824 1445 857 1502 et
872 1439 977 1503 voluit
991 1441 1187 1523 percussisse
1201 1441 1297 1525 praed.

157 1525 371 1589 mess-Joh.
383 1526 423 1589 de
438 1525 509 1590 Bek
521 1546 546 1589 c.
558 1526 767 1590 medietatem
779 1526 818 1590 de
834 1527 1049 1603 Edmondens,
1060 1526 1102 1590 ad
1117 1534 1208 1592 term.
1221 1529 1299 1592 vitae

157 1631 233 1688 suae,
245 1631 320 1674 cum
332 1619 388 1676 ter.
401 1633 468 1689 sua,
483 1613 571 1678 redd.
583 1633 613 1696 p.
629 1634 679 1677 an.
696 1615 742 1696 iiij
755 1635 777 1676 s.
795 1651 808 1662 ·
824 1653 837 1664 -
853 1614 1082 1694 -Focrflces
1093 1634 1146 1678 ure
1161 1616 1299 1698 imposed

155 1717 212 1781 pro
228 1719 288 1762 css.
304 1699 415 1775 cervis,
430 1720 486 1762 occ
500 1721 558 1784 pro
572 1699 661 1784 leyr.‚
673 1702 739 1762 aud
745 1701 828 1784 jour
836 1721 904 1783 pay
918 1721 975 1784 pro
990 1702 1106 1765 merch.

198 1785 323 1849 Acnnx.
368 1785 420 1851 De
432 1786 554 1851 Thema
568 1787 611 1852 fil.
625 1788 703 1850 Rub.
717 1787 832 1861 Smith,
845 1787 921 1870 quia
936 1791 1017 1872 Agn.
1034 1807 1133 1851 uxore
1145 1785 1217 1873 [sic]
1228 1788 1297 1870 ejus

156 1872 340 1936 verberavit
363 1873 513 1937 Emmem
537 1895 625 1937 uxor.
643 1875 723 1940 Rob.
745 1873 908 1951 Tuillicur‚
924 1874 965 1937 e'd
988 1875 1092 1957 damp.
1108 1875 1154 1958 xij
1167 1874 1200 1938 d.
1245 1875 1297 1937 De

156 1958 236 2022 Rcb.
249 1959 404 2023 Tailliour
415 1962 492 2045 quia
503 1982 602 2024 uxore
612 1960 684 2047 [sic]
698 1962 767 2045 ejus
779 1959 949 2025 maledixit
960 1961 1043 2044 Agn.
1055 1982 1143 2024 uxor.
1156 1962 1296 2038 Thomas,

155 2045 196 2108 ad
219 2046 325 2130 dump.
342 2048 374 2130 vj
387 2048 415 2110 d.
460 2047 647 2129 Scccrrfiues
670 2070 724 2110 arc
750 2047 891 2130 imposcd
914 2067 971 2130 pro
997 2069 1056 2111 ass.
1080 2049 1192 2125 cervis,
1215 2048 1297 2111 three

155 2153 212 2215 pro
227 2132 316 2215 leyr,
330 2136 399 2197 aud
412 2156 468 2198 occ
476 2156 561 2217 pays
575 2155 632 2217 pro
647 2135 763 2199 merch.

198 2220 348 2284 Boccor.
393 2221 445 2285 De
467 2222 556 2285 Will.
577 2221 692 2298 Smith
708 2222 775 2284 und
796 2222 878 2284 three
900 2220 1007 2297 others,
1022 2221 1099 2305 quia
1121 2221 1296 2286 noluerunt

154 2305 266 2370 videre
289 2315 512 2390 purpresturcs
535 2308 631 2372 Nich.
647 2308 687 2372 de
702 2307 831 2372 Kellcw
846 2316 943 2391 prout
964 2309 1148 2392 injunctum
1164 2309 1228 2373 fuit
1249 2309 1296 2374 eis

154 2393 189 2454 in
204 2394 353 2476 pluribus
367 2395 464 2459 halm.
474 2396 527 2478 -xij
540 2395 568 2460 d.
607 2396 686 2459 Dies
702 2396 797 2458 datus
813 2400 862 2458 est
877 2395 998 2459 eisdem
1013 2396 1053 2459 ad
1074 2396 1201 2460 vidend
1218 2396 1293 2459 dict.

154 2487 312 2562 purprcst.
328 2482 369 2545 ad
384 2503 472 2566 prox.
489 2504 552 2546 cur.
569 2483 605 2558 si,
621 2490 690 2558 etc,
704 2483 765 2546 sub
780 2501 875 2564 poena
891 2482 926 2544 xl
937 2482 966 2546 d.

196 2567 380 2633 Wnsrmnx„
425 2570 506 2633 Dies
529 2571 623 2633 datus
646 2579 696 2633 est
718 2569 803 2651 Hug.
821 2569 916 2632 Patte
939 2576 971 2632 et
986 2569 1071 2633 Hen.
1087 2569 1127 2633 de
1147 2571 1181 2632 N
1183 2575 1238 2632 ent
1253 2568 1294 2632 ad

153 2653 337 2738 inquirend.
353 2658 382 2720 si
402 2664 487 2720 terra
503 2658 525 2721 J
527 2657 576 2720 oh.
592 2657 635 2720 fil
651 2657 734 2720 Adae
758 2653 826 2739 [sic]
848 2655 952 2719 aravit
970 2656 984 2738 j
1008 2676 1074 2739 pec.
1091 2663 1147 2720 ter.
1163 2661 1197 2719 et
1212 2677 1293 2719 sem-

153 2828 263 2910 ipsum
286 2831 407 2894 invent.
431 2851 513 2913 pree.
536 2851 599 2895 aer.
624 2829 697 2906 xd.,
712 2828 1026 2913 xld-Injunctum
1049 2835 1098 2892 est
1120 2850 1204 2892 omn.
1227 2837 1292 2892 ten.

153 2915 243 2979 villae
273 2918 360 3000 quod
390 2917 500 2980 nullus
531 2937 643 2980 eorum
673 2917 865 3001 permittant
894 2936 1002 3000 equos
1032 2916 1139 2993 boves,
1170 2935 1292 2990 vaccas,

153 3002 314 3084 pullcnos,
330 3024 435 3081 aucus,
455 3004 565 3068 venire
587 3003 672 3067 inira
695 3002 789 3079 bled,
805 3009 838 3065 et
853 3003 954 3066 eciam
977 3002 1064 3086 quod
1079 3023 1144 3066 non
1160 3002 1291 3066 therant

153 3089 222 3174 [sic]
241 3111 341 3173 equos
355 3097 525 3155 noctanter
539 3091 624 3153 infra
638 3090 732 3165 bled,
748 3089 808 3152 sub
823 3109 919 3172 poena
936 3089 969 3152 di
984 3109 1106 3154 marcae.

195 3178 350 3242 anun.
395 3178 446 3242 De
461 3179 583 3241 Thema
599 3177 727 3253 Bullok,
740 3176 817 3259 quia
830 3175 988 3240 revelavit
1002 3175 1174 3240 consilium
1189 3177 1289 3240 socio-

151 3284 225 3326 rum
241 3284 373 3327 suorum
385 3273 480 3348 prout
491 3266 552 3348 jur.
566 3265 630 3328 fuit
644 3264 677 3327 in
691 3265 748 3327 ult.
762 3283 836 3338 eun,
849 3270 881 3326 et
892 3270 1004 3346 postca
1014 3264 1185 3328 maledixit
1193 3265 1290 3348 praed.

147 3350 209 3432 jur.
222 3351 259 3412 in
274 3352 440 3433 presencie
455 3372 530 3427 eun,
542 3351 577 3414 xl
589 3352 617 3414 d.
628 3391 671 3399 -
681 3352 733 3434 Inj
738 3355 871 3412 unctum
887 3356 937 3414 est
950 3350 1040 3414 Will.
1054 3351 1196 3416 Currour
1204 3352 1290 3434 quod

150 3438 293 3520 reparari
307 3438 406 3502 faciat
420 3437 450 3502 le
466 3439 637 3502 Brochous,
653 3477 668 3488 -
682 3475 695 3486 ·
711 3477 754 3486 —

193 3525 296 3589 anx.·
341 3526 549 3609 Oompertum
579 3535 629 3588 est
653 3545 711 3608 per
736 3545 814 3592 sacr.
843 3525 930 3607 Hug.
961 3524 1076 3601 Smith
1099 3526 1166 3588 und
1191 3526 1290 3588 σίσσσσσ

149 3612 256 3688 others,
267 3611 354 3695 quod
364 3613 512 3695 quaedam
525 3612 644 3677 Oecilia
652 3611 696 3675 fil.
710 3611 868 3676 Bertrami
879 3611 945 3674 fuit
956 3612 1066 3675 scisita
1080 3613 1116 3675 in
1128 3612 1288 3675 dominico

150 3717 207 3761 suo
220 3699 261 3762 de
274 3698 375 3775 secde,
384 3699 425 3762 de
436 3700 450 3782 j
464 3699 536 3763 tuit.
548 3705 582 3762 et
596 3699 630 3761 ix
646 3719 690 3762 ac.
703 3704 759 3763 ter.
772 3719 844 3783 quae
855 3705 1009 3761 tenentur
1019 3697 1102 3762 dom.
1114 3698 1216 3761 Priori
1231 3718 1289 3781 per

150 3804 229 3848 serv.
257 3786 326 3868 ijs,
351 3791 383 3849 et
408 3791 642 3868 postmortem
665 3785 761 3850 dictae
783 3784 911 3850 Ceciliae
933 3784 1069 3848 intravit
1094 3784 1191 3867 praed.
1214 3788 1287 3847 terr.

149 3872 284 3953 quidam
293 3873 360 3936 Ric.
374 3873 485 3948 Hudd,
496 3878 530 3936 et
543 3872 621 3936 inde
635 3872 779 3936 feoffavit
790 3874 812 3936 J
814 3873 864 3936 oh.
877 3871 957 3934 Hud
970 3871 1038 3955 [sic]
1055 3878 1088 3935 et
1102 3871 1185 3935 Alie.
1198 3892 1287 3936 uxor.

149 3959 219 4040 ejus
229 3958 273 4023 fil.
288 3959 375 4022 Will,
388 3961 511 4023 Waker
519 3959 559 4022 de
572 3958 736 4044 Segefeld;
758 3960 830 4023 hab.
841 3959 918 4023 eisd.
932 3959 1038 4022 ether.
1052 3957 1091 4021 de
1103 3959 1288 4040 corpon'bus

149 4045 244 4128 ipsor.
260 4047 464 4124 exeuntibus,
478 4047 526 4110 ita
548 4046 634 4128 quod
657 4047 684 4108 si
707 4047 806 4110 iidem
821 4046 844 4110 J
846 4046 895 4109 oh.
912 4051 945 4108 et
966 4044 1050 4108 Alie.
1073 4045 1144 4110 sine
1166 4046 1231 4109 her.
1248 4047 1288 4110 de

148 4151 232 4216 corp.
248 4133 318 4196 suis
333 4140 461 4198 exeunt.
477 4134 626 4209 obierint,
640 4133 727 4216 quod
742 4133 838 4217 praed.
849 4139 907 4195 ter.
924 4137 957 4196 et
971 4139 1035 4196 ten.
1051 4132 1155 4197 eidem
1172 4132 1239 4197 Ric.
1256 4139 1289 4196 ct

148 4217 214 4283 her.
224 4220 294 4284 suis
302 4229 513 4285 remunerent
534 4221 578 4283 Et
588 4220 710 4295 dieunt,
719 4220 805 4302 quod
815 4219 910 4303 praed.
920 4218 995 4283 Joh.
1005 4226 1039 4282 et
1047 4219 1127 4283 Alie.
1139 4220 1288 4283 obierunt

148 4306 272 4390 absque
287 4308 387 4385 exitu,
401 4315 436 4372 et
457 4307 609 4371 similiter
622 4307 717 4389 praed.
734 4307 802 4370 Rie.
818 4306 899 4370 obiit
914 4306 984 4370 sine
999 4305 1125 4383 herede,
1141 4308 1187 4369 ita
1201 4307 1288 4389 quod

147 4399 204 4458 ter.
221 4402 255 4458 et
277 4399 340 4458 ten.
357 4394 453 4478 praed.
475 4395 558 4457 dom.
575 4393 680 4456 Priori
701 4401 866 4476 tamquam
890 4399 1022 4457 excaeta
1044 4415 1103 4457 sua
1124 4413 1288 4457 remanere

147 4479 309 4546 deberent.
355 4481 480 4545 Dicunt
494 4482 596 4545 eciam
611 4480 709 4563 praed.
726 4480 834 4544 Alicia
848 4486 923 4563 post
941 4486 1079 4544 mortem
1101 4480 1197 4562 praed.
1213 4480 1236 4544 J
1238 4480 1287 4543 oh.

22 4567 23 4624 ἶ
147 4567 209 4630 riri
236 4567 296 4644 sui,
323 4568 414 4632 nullo
441 4568 532 4632 exitu
554 4575 634 4631 tunc
657 4568 745 4632 inter
767 4588 821 4632 eos
844 4567 1014 4643 existente,
1041 4567 1186 4630 fecffavit
1212 4568 1287 4630 Joh.
