3278 5204
183 597 380 660 1366-1367.
447 610 606 660 ammom
621 609 803 658 rmouaros
817 609 1060 660 uoumuuusrs.
1283 600 1321 660 61

182 768 380 834 Ordinatum
406 774 456 834 est
478 787 518 832 cx
540 768 704 833 communi
726 787 860 832 assensu
882 766 996 852 nequis
1020 788 1131 832 eorum
1157 769 1323 852 permittet

180 876 305 939 porcos,
320 856 429 934 bovas,
442 854 495 920 vel
510 855 617 920 averia
631 875 691 920 sua
705 856 792 921 exire
807 855 920 919 villam
934 856 1056 939 absque
1071 857 1217 920 custodia
1230 893 1246 904 -
1260 893 1275 904 -
1289 861 1324 921 et

181 942 271 1024 quod
282 943 422 1026 quilibet
433 963 543 1008 eorum
558 947 668 1008 teneat
678 941 793 1006 hirsill'
808 978 822 990 ·
836 979 851 988 -
862 979 905 990 -
918 942 1164 1007 Consideratum
1176 942 1323 1026 estquod

181 1029 344 1094 Robartus
361 1029 417 1114 [fii
433 1030 476 1093 Ri
490 1030 609 1113 crased]
625 1029 750 1094 Hioson
763 1028 896 1093 habebit
910 1029 952 1093 ad
966 1029 1204 1112 reparationem
1224 1031 1323 1094 unius

181 1117 366 1180 tenemeuti
393 1117 480 1180 vasti
501 1166 508 1181 .
531 1165 539 1180 .
563 1166 570 1182 .
592 1116 629 1179 in
657 1120 773 1180 tenura
801 1115 881 1180 Adae
910 1115 985 1200 Day
1011 1115 1051 1181 de
1079 1115 1185 1200 ipsam
1215 1117 1323 1182 Adam

184 1207 274 1266 16ε.;
299 1209 333 1266 at
353 1203 440 1267 idem
462 1203 622 1268 Robertus
644 1202 831 1286 praedictam
852 1201 984 1266 domum
1009 1201 1094 1267 iufra
1118 1204 1199 1267 dnos
1222 1223 1324 1268 annos

181 1294 476 1441 aberrabat
489 1289 1204 1441 dt?ttznttbtbfdddstt
1232 1289 1323 1441 biii

181 1462 362 1545 mediately
382 1462 485 1527 below
507 1463 543 1540 it,
564 1463 600 1527 in
622 1463 678 1528 tha
701 1462 826 1546 margin
848 1463 996 1546 opposite
1021 1466 1056 1527 to
1079 1463 1136 1528 the
1158 1463 1324 1548 following

182 1553 289 1633 entry,
300 1569 353 1614 are
366 1556 385 1582 “
396 1549 566 1614 Dimissic:
589 1550 831 1614 lucrementum
846 1549 869 1633 ij
882 1549 940 1633 a.'']
986 1550 1181 1615 Laureuoius
1194 1550 1325 1616 Hunter

181 1641 219 1700 et
241 1636 399 1700 Robertus
422 1637 551 1701 Hikson
573 1640 728 1721 oeperunt
748 1655 851 1700 unum
873 1642 1095 1700 tenementum
1116 1642 1149 1702 et
1170 1658 1216 1701 xv
1235 1658 1324 1703 acras

181 1726 277 1786 terrae
291 1724 454 1806 quondam
469 1723 505 1786 in
519 1729 634 1788 tenura
648 1725 671 1788 J
673 1723 810 1788 ohannis
824 1722 886 1786 filii
908 1722 1036 1787 Ricardi
1052 1723 1092 1788 de
1107 1723 1325 1808 Meryugtnn:

182 1808 322 1874 babeud'
337 1815 371 1873 ct
384 1809 513 1875 tenend'
529 1810 570 1874 ad
585 1817 676 1875 term.
688 1811 765 1874 vitae
780 1829 910 1874 eorum:
927 1810 1014 1874 redd.
1031 1810 1188 1874 scaccario
1203 1811 1324 1875 Prioris

182 1916 371 1979 percaram
395 1903 440 1961 6s.
456 1897 503 1997 [et
527 1897 670 1962 manerio
693 1897 732 1998 de
755 1896 952 1981 Meryngtcn
974 1915 1071 1980 opara
1092 1896 1202 1996 debita
1224 1917 1324 1962 oousu

182 1981 1325 2154 ttdetssdsttttdsstdtdtzittttff‘ttbdttt

182 2160 220 2220 et
234 2156 367 2239 [suste'b
381 2157 499 2242 erased]
520 2158 751 2222 sustentabunt
766 2157 950 2240 sumptibus
965 2157 1034 2222 suis
1049 2157 1187 2242 propriis
1201 2194 1217 2205 ·
1230 2182 1265 2222 ·:
1290 2164 1325 2222 et

183 2241 268 2306 dant
282 2263 338 2327 pro
352 2245 487 2328 gres'ma
502 2245 575 2310 sod
621 2244 721 2328 [Vide
735 2265 766 2328 p.
784 2243 848 2327 60.]

230 2330 330 2395 Fnan
373 2332 426 2396 De
450 2331 571 2397 Ocoilia
597 2330 628 2396 la
657 2330 928 2397 Pondcrswoman
957 2350 1015 2414 pro
1039 2329 1129 2414 layre
1157 2331 1206 2395 bd
1218 2365 1262 2378 —
1273 2331 1324 2396 De

183 2417 337 2481 omnibus
362 2419 549 2483 tenentibus
573 2418 661 2483 villae
689 2423 806 2502 praeter
830 2417 948 2482 liberos
974 2422 1122 2482 tenentes
1151 2417 1229 2502 quia
1257 2437 1324 2482 non

184 2504 729 2589 oooperaverunt[aic]mclcnd’--.
767 2505 957 2587 Injunctum
969 2504 1324 2588 osteisquodoooperi·

183 2595 284 2654 antur
305 2639 312 2656 .
335 2640 342 2656 .
365 2640 373 2656 .
396 2592 476 2656 citra
499 2592 693 2676 [proximam
714 2591 833 2674 crased]
857 2590 911 2676 [ad
925 2591 1057 2656 vmoula
1072 2591 1102 2657 S.
1119 2592 1206 2656 Pctn'
1227 2593 1325 2655 iater-

184 2677 286 2760 lc'acd]
310 2678 375 2741 our'
388 2715 403 2724 -
418 2679 549 2742 --Da
570 2678 736 2743 Willelmo
751 2679 790 2744 da
813 2677 938 2760 Bywall
960 2697 1063 2762 nuper
1081 2678 1226 2763 pondero
1248 2678 1325 2761 quia

183 2764 335 2848 permisit
346 2770 484 2830 careotas
496 2765 715 2831 extraniorum
726 2765 912 2830 conculcare
925 2784 1048 2829 moram
1063 2785 1099 2829 ao
1114 2765 1325 2829 succisionem

184 2850 257 2914 fieri
277 2850 314 2914 in
334 2851 430 2916 bosco
452 2852 576 2916 domini
596 2851 684 2917 unde
706 2853 843 2936 ipsemet
865 2851 987 2935 recepit
1008 2850 1213 2916 commodum
1227 2887 1241 2900 -
1256 2883 1325 2900 ·—

187 2937 382 3002 Ordinatum
403 2944 453 3004 est
468 2959 508 3004 ax
522 2938 688 3003 communi
708 2958 843 3003 assensu
863 2943 932 3002 tam
948 2938 1043 3002 liberi
1064 2957 1162 3020 quam
1177 2937 1234 3000 alii
1253 2936 1324 3022 [sic]

186 3024 255 3087 ten’
270 3024 394 3088 domini
404 3026 490 3109 quod
500 3025 611 3090 nullus
622 3026 723 3090 intrat
732 3045 883 3108 campum
893 3044 951 3109 pro
963 3023 1079 3107 bdkys
1089 3023 1250 3088 metandis
1265 3044 1325 3089 noe

186 3111 377 3195 permittent
392 3133 500 3196 equos,
513 3113 621 3190 boves,
635 3133 757 3196 poroos,
770 3111 918 3176 bidentes
933 3129 992 3174 neo
1014 3109 1124 3193 aliqua
1138 3110 1245 3174 averia
1266 3131 1325 3175 sua

186 3198 277 3262 exire
305 3198 374 3261 vill’
403 3201 473 3263 siue
502 3199 681 3264 custodiam
695 3199 855 3262 ·-—Da
888 3197 964 3281 [dvc
993 3196 1116 3280 namesss
1154 3198 1231 3281 quia
1259 3217 1325 3262 non

185 3284 347 3350 miserunt
361 3306 418 3369 pro
433 3286 643 3351 tastatoribus
663 3306 723 3350 neo
737 3284 910 3349 voluerunt
924 3283 1063 3349 vendero
1085 3284 1254 3351 cervisiam
1268 3305 1326 3368 por

186 3371 251 3454 lag'
275 3391 324 3454 pe
347 3391 407 3436 neo
432 3373 535 3456 quart'
562 3379 654 3437 extra
679 3371 812 3437 domum
834 3391 894 3436 neo
915 3370 1009 3448 infra,
1033 3370 1073 3436 de
1094 3371 1240 3455 quolibet
1266 3372 1325 3450 od,

190 3464 235 3522 2s.
254 3458 303 3522 td
348 3459 371 3524 J
372 3458 515 3524 ohannes
537 3459 625 3524 filius
648 3459 789 3524 Simonis
809 3462 842 3523 et
863 3459 887 3523 J
888 3457 1030 3522 ohannes
1045 3457 1086 3523 da
1107 3457 1326 3543 Wodyngfeld

188 3544 389 3612 devenerunt
402 3546 544 3610 testator*
559 3545 702 3611 cervisia
715 3549 811 3629 prout
824 3549 1055 3628 praesentatum
1069 3549 1119 3610 est
1132 3566 1190 3629 per
1198 3545 1269 3629 jur’.
1281 3579 1325 3592 —

188 3631 380 3714 Injunctum
395 3638 445 3696 eat
458 3632 588 3697 Tbomae
602 3633 642 3698 de
657 3632 840 3697 Bioheburn
854 3631 941 3715 quod
960 3631 1101 3716 reparari
1114 3631 1212 3696 faciat
1226 3652 1325 3696 unam

188 3738 349 3782 eameram
364 3719 450 3783 infra
464 3719 625 3803 octagium
639 3739 735 3784 suum
750 3756 764 3769 ·
780 3755 793 3766 -

231 3805 300 3868 Dm
314 3805 413 3870 J0v1s
436 3804 631 3890 [Thursday]
654 3822 740 3870 ruox
761 3819 841 3869 roan
864 3819 993 3868 marom
1018 3803 1048 3869 S.
1073 3803 1189 3868 Manu
1203 3803 1326 3867 Euam

188 3906 295 3957 orsra
311 3890 421 3976 [April
436 3893 491 3976 25]
507 3908 597 3956 armo
613 3901 721 3956 uxv1r0
736 3892 869 3977 [0:29
885 3891 981 3976 April
998 3889 1104 3973 1367}

234 3979 426 4044 Husuuuu.
470 3979 522 4044 Dc
542 3979 651 4045 Ah'cia
671 3979 720 4064 [“.
743 4029 751 4044 .
775 3980 807 4045 el
828 3979 855 4042 .”
871 3978 935 4062 (sa'c,
949 3997 1028 4043 even
1052 3997 1087 4041 aa
1108 3980 1143 4040 to
1157 3975 1214 4041 tho
1229 3975 1325 4062 dota)

189 4066 280 4129 wora
306 4065 355 4129 ta
379 4065 485 4148 norw]
509 4065 792 4150 Robinsdoughter
817 4070 849 4130 et
877 4064 926 4151 [“.
949 4064 975 4130 .’'
1001 4070 1060 4128 troo
1085 4064 1152 4128 dota
1176 4065 1324 4149 inserted]

189 4151 333 4216 Maricta
361 4152 401 4217 dc
430 4153 570 4217 Marton'
595 4173 654 4237 pro
674 4152 772 4236 leyre,
800 4152 887 4216 unde
913 4150 1079 4216 Jobannea
1108 4150 1149 4215 da
1174 4150 1326 4235 Raynton

187 4238 406 4322 respondebit,
423 4239 611 4305 lau-De
637 4239 756 4305 Oesilia
782 4239 830 4326 [“.
853 4288 861 4304 .
884 4238 917 4302 el
939 4237 963 4302 .''
978 4239 1067 4302 acce
1088 4237 1137 4301 aa
1156 4237 1262 4324 acmo]
1286 4238 1326 4302 de

188 4326 381 4409 Routhbary
394 4347 453 4410 pro
464 4327 552 4409 leyre
565 4326 615 4391 bd
626 4365 670 4376 -
680 4327 731 4392 Do
743 4327 925 4411 Margareta
937 4324 1074 4389 Oalnerd
1084 4344 1142 4408 pro
1151 4324 1240 4408 leyrc
1251 4344 1326 4389 oum

188 4412 357 4496 capellano
375 4413 446 4479 rad
457 4453 502 4464 -
513 4414 703 4498 Injunctum
718 4419 768 4478 est
783 4413 921 4478 Ricardo
942 4411 1010 4476 filio
1024 4409 1162 4476 Walteri
1176 4411 1264 4494 quod
1278 4431 1326 4474 re-

187 4499 296 4583 parari
309 4498 410 4564 faciat
423 4521 524 4564 unam
538 4520 696 4566 cameram
711 4521 753 4565 ax
767 4505 858 4586 pa1ta
873 4498 988 4564 boriali
1002 4497 1089 4561 villae
1104 4535 1119 4546 -
1133 4534 1155 4562 -.
1193 4497 1326 4578 Injunc-

186 4592 260 4650 tum
272 4590 323 4651 est
332 4586 501 4653 Willclmo
516 4588 656 4653 Ourrour
669 4588 757 4671 quod
770 4587 911 4672 reparari
925 4585 1022 4651 faciat
1032 4604 1132 4648 unam
1143 4582 1274 4647 domum
1284 4602 1325 4646 ex
