3224 5212
173 535 264 596 1378.
419 549 579 598 HALMOTA
593 549 775 599 PRIORATUS
790 551 1032 602 DUNELMENSIS.
1254 547 1313 604 145

213 705 461 771 Wnnnnsflann.
508 708 699 790 injunctum
715 715 763 773 θεῖ
784 711 933 774 omnibus
949 718 1013 774 ten.
1030 711 1125 787 villae,
1141 713 1227 796 quod
1242 717 1313 798 qui·

170 793 251 858 libet
267 815 378 858 eorum
392 796 493 858 arrari
508 795 629 859 faciant
643 802 752 859 totam·
761 803 880 861 terram
894 797 930 861 in
942 805 1093 862 warrecto
1106 807 1172 862 tam
1188 802 1313 866 steriles
1426 871 1428 876 ,

169 902 269 962 quam
284 881 364 945 alias
380 882 420 946 de
434 888 540 946 cetero
549 885 609 946 sub
624 903 720 965 poena
732 883 772 947 di.
786 877 1312 954 mareae.-Molendinum-Will.

170 967 223 1032 del
251 969 349 1032 Rawe
376 969 482 1032 senior
508 975 542 1033 et
570 970 659 1033 Wili
687 969 740 1034 del
764 972 862 1036 Rawe
885 972 996 1054 junior
1016 993 1044 1036 v.
1070 980 1102 1036 et
1124 994 1148 1038 e.
1172 973 1311 1039 molend.

170 1057 382 1119 ventriticum
412 1056 451 1120 de
478 1056 689 1121 Welleshend
714 1078 733 1121 e
763 1058 846 1122 festo
867 1058 898 1122 S.
919 1059 1023 1122 Marci
1052 1061 1134 1123 1378
1156 1061 1197 1124 ad
1217 1067 1310 1126 term.

170 1144 271 1206 trium
302 1163 460 1207 annorum
489 1180 502 1190 -
533 1180 546 1192 -
576 1144 662 1207 redd.
692 1144 770 1208 inde
800 1163 857 1227 par
889 1165 1012 1209 annum
1041 1145 1076 1211 lx
1086 1154 1182 1222 s.,-et
1215 1150 1310 1232 praed.

169 1230 309 1294 molend.
325 1231 582 1294 manutenebunt
596 1237 693 1313 prout
707 1230 765 1294 alii
778 1231 913 1296 firmarii
927 1238 1002 1297 ante
1016 1233 1102 1316 ipsos
1118 1234 1222 1299 facere
1237 1256 1312 1300 con-

169 1323 355 1394 sueverunt,
370 1317 451 1400 plag.
468 1318 549 1381 alter
564 1317 704 1381 alterius,

212 1404 453 1468 WILLYNGTON.
498 1405 521 1469 J
523 1405 665 1468 ohannes
688 1404 731 1468 fil.
747 1405 770 1468 J
771 1404 907 1469 ohannis
931 1406 1059 1488 Paulyn
1073 1427 1102 1471 v.
1119 1414 1152 1471 et
1168 1429 1193 1472 θ.
1208 1429 1312 1472 unum

169 1491 240 1553 toft.
258 1491 325 1574 xlvj
343 1512 369 1554 a.
386 1492 443 1554 ult.
460 1492 495 1554 in
517 1497 581 1556 ten.
598 1491 686 1555 Will.
703 1492 774 1576 [eie]
791 1493 927 1575 Paulyn‚
942 1494 1044 1576 patris
1060 1495 1119 1570 sui,
1135 1494 1223 1561 redd.
1239 1518 1269 1579 p,
1286 1517 1312 1560 a

170 1578 241 1660 xiiij
253 1599 298 1657 e.;
320 1585 353 1642 et
372 1580 385 1660 j
410 1580 480 1642 toft.
497 1599 607 1642 xxxa.
624 1579 681 1642 ult.
698 1580 732 1641 in
748 1587 811 1643 ten.
829 1580 924 1662 praed.
946 1581 1036 1644 Will.
1052 1581 1138 1646 redd.
1162 1603 1192 1664 p.
1209 1603 1234 1646 a
1251 1605 1274 1646 x
1286 1605 1309 1647 ε.

127 1711 128 1714 ,
170 1670 202 1728 et
224 1686 320 1747 opera
343 1671 506 1742 consueta,
520 1672 554 1728 et
576 1672 695 1749 argent.
713 1667 790 1742 Ter„
806 1666 934 1730 tenend.
956 1667 998 1731 ad
1019 1675 1110 1732 term.
1138 1671 1214 1732 vitae
1237 1690 1312 1746 suae,

168 1751 355 1834 incipiendo
382 1753 505 1816 solvere
531 1751 572 1816 ad
598 1753 718 1816 festum
740 1754 832 1816 Pent.
858 1773 943 1816 anno
969 1760 1027 1818 ete.
1055 1756 1258 1838 octogesima
1279 1765 1312 1820 et

168 1839 302 1902 interim
318 1840 413 1921 praed.
424 1840 513 1902 Will.
530 1839 634 1904 solvet
649 1840 728 1902 firm.
767 1841 810 1903 Et
825 1840 959 1904 aedificia
974 1841 1010 1903 in
1025 1842 1088 1904 fine
1103 1848 1193 1905 term.
1210 1844 1261 1906 sui
1276 1844 1312 1906 in

169 1925 345 1990 sufficienti
356 1933 444 1989 statu
459 1926 612 1990 dimittet.
651 1927 736 2010 Pleg.
760 1928 783 1991 J
784 1927 926 1990 ohannes
943 1928 1130 2011 Attheyate,
1145 1929 1168 1992 J
1169 1929 1312 1999 ohannes

169 2013 210 2076 de
226 2014 249 2077 J
250 2033 361 2089 drowa,
373 2013 462 2076 Will.
476 2014 530 2077 del
541 2015 639 2077 Rewe
654 2020 687 2076 et
696 2014 856 2077 Robertus
865 2013 905 2076 de
917 2015 1120 2097 Meryngton.
1160 2015 1312 2083 Gree'ma.

169 2099 213 2162 Et
225 2101 343 2164 seiend.
356 2101 443 2184 quod
457 2100 556 2164 habet
570 2101 651 2163 duos
666 2121 774 2184 equos,
785 2120 866 2183 pree.
880 2101 936 2182 xxj
948 2121 971 2164 ε.
1005 2101 1049 2164 Εῖ
1064 2102 1249 2184 injunctum
1264 2111 1314 2168 θεῖ

165 2187 228 2270 jur.
247 2189 334 2270 quod
349 2188 493 2270 inquiret
510 2188 581 2271 [sia]
596 2186 636 2251 de
651 2188 756 2270 damp.
769 2196 891 2254 tenurae
910 2187 1006 2270 praed.
1018 2195 1111 2252 terrae
1126 2197 1159 2253 et
1173 2211 1313 2272 praesen·

169 2280 243 2337 tent
258 2275 299 2336 ad
313 2295 401 2357 prox.
418 2295 482 2339 cur.
499 2275 560 2338 snb
575 2295 670 2358 poene
692 2274 728 2338 xl
737 2275 765 2338 d.
812 2275 854 2338 Et
876 2275 975 2340 habet
998 2275 1083 2340 diem
1106 2277 1147 2340 ad
1169 2277 1312 2342 solvend.

169 2361 339 2445 gres’mam
350 2382 455 2446 ¹quum
472 2362 591 2445 ceperit
606 2363 746 2443 primam
760 2367 932 2425 vesturam.

106 2448 109 2454 ’
213 2449 364 2513 JAROWE.
411 2449 603 2512 Ordinatum
619 2455 669 2513 θεῖ
684 2469 724 2512 ex
744 2449 908 2512 communi
930 2469 1071 2526 assensu,
1086 2449 1173 2533 quod
1193 2451 1316 2516 faciant

168 2555 273 2598 unum
289 2556 418 2598 cursum
433 2557 526 2619 aquae
541 2555 638 2619 supra
653 2535 843 2599 Stamerden
859 2536 940 2616 eitra
954 2557 1042 2618 prox.
1058 2557 1132 2612 cur„
1143 2538 1203 2601 sub
1218 2559 1315 2621 poena

168 2623 210 2686 di.
222 2625 623 2687 marcae—Praesentatum
646 2630 696 2687 est
717 2643 775 2705 per
792 2623 854 2704 jur.
871 2623 958 2706 quod
979 2643 1044 2686 una
1066 2625 1190 2699 semita,
1203 2625 1314 2707 jacens

168 2710 255 2772 inter
270 2715 388 2772 terram
402 2711 550 2793 magistri
560 2710 599 2773 de
614 2711 637 2774 J
639 2730 743 2772 arowe
758 2730 798 2772 ex
816 2730 880 2772 una
891 2715 983 2792 parte
999 2715 1031 2777 et
1046 2708 1179 2773 liberam
1195 2717 1313 2774 terram

168 2797 266 2859 —De
291 2797 465 2880 Ranulpho
492 2797 544 2860 del
568 2796 708 2859 Kitehin
734 2802 767 2860 et
790 2796 939 2859 omnibus
962 2796 1035 2859 aliis
1057 2801 1121 2860 ten.
1145 2797 1233 2860 villae
1254 2818 1313 2879 pro

168 2889 267 2946 trane.
292 2883 379 2947 facta
401 2886 436 2946 in
466 2883 607 2967 Figileys
633 2883 674 2946 ad
700 2883 805 2965 damp.
831 2883 919 2946 WilL
944 2883 984 2946 de
1012 2883 1212 2960 Wermouth,
1238 2885 1261 2948 J
1263 2883 1311 2948 oh.

170 2970 321 3052 Godwyn
352 2977 385 3034 et
414 2971 508 3034 Nich.
534 2970 668 3045 Ponder,
698 2970 883 3032 tenemium
907 2969 1089 3045 eorundem,
1112 2970 1157 3053 vij
1168 2991 1203 3047 ε,
1225 2971 1313 3036 unde

168 3057 300 3119 nullum
315 3058 496 3140 proficuum
510 3064 723 3140 perceperunt
738 3063 834 3138 prout
844 3057 1045 3138 juraverunt,
1060 3057 1093 3138 vj
1107 3057 1136 3122 d.

214 3145 322 3207 Halm.
369 3145 525 3208 Dimissio
547 3144 659 3226 piscar.
682 3143 718 3206 in
740 3143 963 3227 Tyne-Will.
979 3142 1083 3225 Willy
1099 3164 1123 3207 e.
1140 3144 1313 3226 quamdam

169 3231 343 3314 piscariam
366 3237 466 3294 vocat.
489 3231 651 3314 Pethyair,
675 3231 838 3313 quondam
868 3231 904 3292 in
932 3235 1049 3294 tenura
1070 3229 1160 3293 Will.
1187 3231 1313 3296 Larden

170 3338 244 3401 quae
255 3319 335 3382 Rob.
346 3319 387 3382 de
402 3319 554 3400 Raynton
570 3339 593 3381 e.
608 3318 648 3380 ad
664 3324 754 3381 term.
767 3318 812 3400 vij
830 3338 889 3393 an„
899 3317 938 3380 de
950 3317 1068 3399 quibus
1078 3317 1112 3400 iij
1127 3326 1205 3382 eunt
1216 3319 1314 3402 alapa,

171 3444 185 3453 -
208 3443 221 3453 -
245 3405 286 3468 ad
298 3411 388 3468 term.
404 3405 451 3487 iiij
469 3426 519 3468 an.
543 3441 556 3452 ·
580 3442 592 3452 -
616 3406 645 3468 si
669 3405 716 3466 ita
731 3404 775 3468 sit
786 3404 871 3487 quod
887 3405 983 3486 praed.
996 3404 1074 3467 Rob.
1087 3404 1182 3488 praed.
1199 3407 1312 3488 piscar.

170 3492 312 3555 noluerit
328 3499 446 3568 tenere,
455 3491 541 3555 redd.
554 3512 584 3574 p.
600 3513 626 3555 a.
639 3491 707 3573 xxij
720 3511 753 3567 ε.,
764 3490 850 3574 quod
866 3489 936 3576 [sic]
953 3491 1043 3573 prius
1058 3491 1199 3555 reddidit
1213 3514 1280 3555 xxx
1289 3513 1313 3556 ε.

213 3579 427 3644 Wnanonrn.
462 3579 691 3642 Nativi-Jur’
703 3583 901 3660 praesentant
912 3579 999 3661 quod
1014 3578 1120 3641 Adam
1137 3579 1314 3653 Halknase,

170 3664 194 3728 J
196 3664 341 3730 ohannes
357 3666 522 3729 Adamson
538 3666 644 3729 senior
659 3673 692 3729 et
706 3666 729 3730 J
731 3665 780 3728 oh.
793 3663 835 3728 fil.
852 3664 932 3727 Adae
943 3664 1054 3747 junior
1069 3671 1102 3728 et
1117 3665 1189 3727 Joh.
1206 3664 1312 3728 Grene

170 3752 215 3818 ffl.
230 3753 300 3815 Ric.
317 3752 484 3816 Greneson
501 3760 579 3816 sunt
601 3751 705 3814 nativi
720 3751 1077 3833 domini-injunctum
1093 3756 1141 3814 θεῖ
1163 3751 1313 3814 omnibus

171 3845 236 3903 ten.
252 3839 340 3902 villae
355 3840 441 3922 quod
456 3838 542 3903 nulli
556 3839 668 3903 dotarii
685 3843 796 3903 teneat
811 3838 882 3922 [sie]
898 3837 1043 3901 bidentes
1059 3836 1145 3901 ultre
1160 3837 1313 3921 quinque,

169 3926 230 3990 sub
269 3945 342 3990 oena
356 3927 430 3991 xld.
820 3928 823 3933 ’

217 3947 395 4078 deflwxx.
451 4014 474 4077 J
476 4007 619 4077 ohannes
645 4011 751 4076 Grene
782 4017 832 4076 est
859 4010 991 4074 nativus
1020 4009 1153 4087 domini,
1176 4018 1209 4074 θῖ
1238 4011 1317 4076 feeit

170 4100 363 4168 fidelitatem
379 4100 484 4184 quoad
500 4100 540 4163 ad
556 4107 620 4163 nat.
637 4099 784 4182 pertinet.

215 4188 447 4251 vasssrown.
492 4186 544 4258 De
568 4187 637 4250 Ric.
665 4186 709 4250 fil.
735 4184 818 4248 Adae
841 4185 989 4260 Diotson
1010 4205 1068 4268 pro
1098 4183 1230 4248 cultello
1256 4205 1315 4249 suo

9 4251 11 4282 r
124 4279 127 4284 ’
173 4282 318 4340 extracto
340 4274 382 4338 ad
404 4273 620 4357 percussiend.
644 4274 665 4355 ij
690 4272 801 4336 famul.
824 4271 1015 4356 Margaretae
1030 4271 1070 4336 de
1092 4272 1208 4356 Lomly
1224 4272 1314 4355 [xld.

170 4365 278 4426 struck
300 4362 368 4445 ont]
390 4363 423 4445 vj
434 4382 457 4426 ε.
476 4361 533 4444 viij
547 4361 586 4437 d.‚
602 4360 801 4424 condonatus
823 4379 927 4443 usque
948 4359 970 4441 ij
982 4360 1102 4424 a—De
1125 4358 1236 4423 eodem
1258 4379 1316 4440 pro

172 4456 271 4514 trane.
295 4450 381 4514 facte
403 4449 595 4532 Margaretae
618 4448 657 4510 de
683 4445 798 4530 Lomly
818 4445 1004 4510 verberand.
1028 4445 1138 4510 famul.
1163 4447 1214 4510 sui
1236 4445 1317 4529 [aie],
1417 4457 1418 4460 ’

172 4544 270 4622 prout
296 4543 497 4620 compertum
521 4543 571 4600 θεῖ
599 4556 658 4619 per
682 4534 754 4617 jun,
777 4532 817 4598 ad
847 4533 975 4616 dampn.
998 4533 1101 4616 ipsius
1127 4532 1320 4616 Margaretae

736 4637 761 4684 K
