3224 5212
275 575 336 634 138
544 586 702 636 6166661
716 586 898 636 1616611666
914 585 1150 636 6616666166.
1318 577 1409 637 1317.

270 742 455 808 Johennem
484 743 525 808 de
554 743 807 829 [“Beryngton'’
832 747 936 810 6166616
965 752 1039 824 661,·
1066 745 1410 830 “Hemmyngborgh’'

262 830 388 914 follows
402 851 442 894 66
455 851 500 894 66
514 831 651 915 nesure]
666 850 723 915 pro
734 831 747 914 j
764 833 905 896 tenente’
920 832 1135 915 pertinentem
1146 833 1160 915 j
1175 832 1280 898 bond'.

315 917 498 982 Husmomu
544 918 753 1000 compertum
768 924 817 982 est
831 939 889 1002 per
903 924 1140 984 sacromentum
1155 918 1274 1003 [othoe
1286 918 1410 1004 Jbrors]

271 1004 357 1087 quod
372 1003 557 1069 willelmus
578 1005 708 1070 Yutson
728 1010 763 1070 66
784 1005 922 1070 Thomas
937 1006 1066 1070 Yutson
1088 1011 1320 1072 commorantes
1337 1026 1411 1070 eum

134 1085 141 1098 '
270 1091 294 1154 J
296 1090 421 1156 ohanne
436 1091 477 1156 de
492 1091 652 1156 Hesilden
667 1091 707 1156 de
728 1092 906 1176 Hertilpoll
928 1097 961 1157 et
975 1093 998 1157 J
998 1093 1142 1158 ohannes
1156 1093 1286 1158 Yutson
1300 1100 1333 1157 et
1348 1093 1410 1156 Ro·

271 1177 380 1242 bertus
401 1178 531 1242 Yutson
552 1177 666 1242 1166166
688 1178 916 1262 praedictorum
937 1179 1098 1244 Willelmi
1120 1184 1154 1244 et
1179 1180 1310 1244 Thomae
1333 1185 1411 1243 sunt

271 1265 377 1328 nativi
391 1265 516 1328 domini
530 1265 650 1330 Primis
665 1271 699 1330 et
711 1265 858 1350 praedieti
880 1265 912 1350 [“
921 1266 1059 1331 Thomas
1069 1267 1086 1294 ''
1099 1267 1204 1330 6116616
1217 1267 1283 1351 out]
1299 1272 1331 1331 et
1347 1266 1411 1330 Ro-

271 1350 381 1414 bertus
402 1351 548 1416 fecerunt
570 1351 760 1416 fidelitatem
782 1352 929 1416 domino:
955 1358 989 1417 et
1014 1352 1181 1418 Johannes
1204 1358 1349 1417 moratur
1373 1353 1411 1416 in

271 1435 432 1502 Hesilden
461 1444 495 1502 et
524 1438 683 1503 Robertus
708 1445 851 1503 moretur
879 1439 916 1503 in
944 1439 1154 1524 Billynghom
1183 1460 1280 1522 super
1309 1444 1410 1506 terres

270 1523 401 1588 domini
425 1524 510 1589 Item
519 1525 806 1609 praesentontquod
816 1526 974 1590 Robertus
983 1527 1070 1590 filius
1079 1525 1350 1592 RicardiWotson
1360 1532 1411 1591 est

270 1611 401 1675 nativus
416 1611 540 1676 domini
554 1617 589 1676 66
602 1613 667 1676 fuit
681 1619 795 1696 eaptus
810 1617 843 1678 et
857 1612 1052 1678 deliberatus
1067 1613 1196 1677 domino
1210 1615 1233 1678 J
1234 1613 1355 1678 6116661
1369 1614 1410 1677 de

272 1697 564 1784 Hemmyngburgh
585 1703 665 1764 tune
686 1699 827 1777 terrario,
841 1705 876 1764 66
889 1699 976 1764 idem
990 1701 1141 1765 6611611116
1162 1700 1313 1764 liberavit
1333 1721 1410 1764 eum

269 1784 413 1850 Waltero
428 1786 468 1850 de
483 1785 641 1850 Hesilden
655 1805 696 1850 ex
711 1786 970 1870 monuoepoione‚
985 1793 1018 1851 et
1031 1787 1118 1851 idem
1132 1787 1296 1852 Wolterus
1318 1787 1409 1851 misit

270 1891 345 1935 eum
359 1891 471 1938 versus
485 1873 666 1938 Eboracum
678 1893 736 1956 616
752 1873 886 1937 artifieio
898 1873 1026 1950 sellarii,
1042 1878 1075 1939 66
1089 1874 1137 1937 1111
1147 1879 1296 1938 moretur.
1330 1874 1410 1938 Ideo

268 1957 467 2042 loquendum
496 1965 546 2024 est
574 1979 650 2024 eum
671 1959 725 2045 pd.
749 1960 1154 2043 Walters—Injunotum
1180 1966 1228 2025 est
1258 1961 1410 2025 omnibus

269 2047 457 2110 tenentibus
471 2046 558 2110 villae
573 2046 660 2130 quod
673 2045 808 2111 venient
822 2046 864 2110 ad
885 2047 1183 2130 praemunissionem
1197 2047 1345 2112 messoris
1367 2048 1411 2112 ad

269 2132 419 2216 loquend'
434 2153 492 2217 pro
507 2133 640 2197 eomodo
655 2133 779 2197 domini
793 2139 827 2197 66
841 2133 910 2199 vie'.

312 2218 543 2283 anrrrennrr.
589 2219 795 2303 Oompertum
817 2226 868 2285 666
888 2241 946 2304 per
962 2221 1024 2303 jur.
1040 2221 1127 2304 quod
1148 2220 1286 2285 Thomas
1309 2220 1408 2285 Rich-

268 2305 384 2370 ardson
398 2305 486 2369 filius
501 2305 641 2370 Gilberti
651 2307 692 2370 de
706 2305 914 2391 Billyngham
928 2312 978 2372 est
992 2307 1123 2373 nativus
1138 2308 1262 2372 domini
1276 2311 1408 2372 666161-

268 2396 342 2456 etur
357 2392 392 2454 in
408 2391 580 2475 Melsenby
590 2393 686 2475 juxta
701 2393 909 2458 Riehemond.

311 2478 632 2543 Numen-Brennum.
678 2479 868 2563 Injunetum
878 2485 928 2545 est
938 2480 1067 2544 Thomae
1077 2480 1256 2565 Sehephird
1265 2481 1408 2565 pondero

267 2565 308 2630 de
323 2564 532 2649 Billyngham
546 2564 633 2649 quod
647 2567 778 2630 arestari
792 2566 891 2631 166166
901 2587 1011 2631 616666
1025 2567 1172 2632 homines
1183 2568 1408 2633 exercentibus

268 2653 338 2737 [sie]
354 2653 493 2735 injustas
508 2653 577 2716 vias
599 2653 684 2716 infre
697 2653 878 2717 dominium
900 2654 1017 2718 Prioris
1033 2656 1094 2718 sub
1115 2675 1212 2738 poena
1226 2655 1268 2720 di.
1283 2675 1407 2720 6161666

268 2741 313 2803 Et
327 2740 429 2804 661616
446 2739 532 2823 quod
555 2759 666 2804 omnes
688 2739 834 2804 homines
850 2740 927 2804 dum
942 2742 1129 2824 praemuniti
1143 2741 1275 2806 11166166
1289 2741 1329 2806 de
1342 2742 1406 2806 vie'

268 2827 386 2890 Prioris
412 2827 479 2891 sint
503 2826 539 2889 in
565 2826 724 2891 auxilium
749 2827 897 2910 praedieti
923 2827 1059 2912 ponderi
1089 2829 1149 2892 sub
1175 2829 1288 2894 eodem
1309 2849 1408 2912 66666

268 2913 411 2978 solvend’
425 2912 590 2997 perillum
604 2914 661 2997 qui
676 2916 711 2977 in
726 2913 865 2978 deffectu
879 2915 1043 2998 reperitur.

310 3000 613 3064 Numen-Knrron.
658 3000 821 3065 Walterus
844 3001 1007 3086 Bisehopp
1029 3007 1063 3066 et
1085 3001 1269 3067 Willelmus
1291 3001 1406 3065 Η6666

263 3088 325 3170 jur.
363 3087 396 3150 N
396 3086 476 3152 iobil
489 3092 693 3170 6166666666.

309 3173 430 3238 Aonur.
475 3173 666 3256 Injnnotum
681 3179 730 3238 est
745 3173 894 3238 omnibus
903 3173 1089 3239 tenentibus
1099 3173 1186 3238 villae
1197 3173 1283 3256 quod
1293 3173 1405 3239 nullus

267 3279 377 3323 eorum
391 3259 507 3323 ludent
521 3260 563 3324 od
584 3261 694 3344 611661
705 3295 750 3306 -
759 3261 951 3343 Injunotum
966 3265 1016 3323 est
1037 3261 1187 3325 omnibus
1201 3260 1404 3345 inhospitar-

265 3345 352 3408 tibus
367 3345 454 3429 opud
464 3345 663 3430 Aoleyquod
676 3346 878 3431 inhospitent
893 3366 1004 3411 omnes
1019 3353 1186 3413 extraneos
1200 3352 1404 3413 transeuntes

267 3431 308 3496 ed
322 3431 420 3515 pedes
435 3432 482 3494 166
496 3433 578 3496 bene
593 3433 678 3497 siout
692 3454 746 3498 eos
760 3435 818 3518 qui
832 3434 1024 3518 inequitant.

310 3519 467 3584 Oumron.
511 3519 562 3582 De
576 3519 679 3584 Elena
693 3520 806 3585 1611666
820 3521 950 3586 Thomae
965 3521 1005 3586 de
1021 3519 1154 3585 Ohilton
1168 3540 1225 3604 pro
1240 3520 1403 3585 meroheto

267 3643 280 3654 ·
296 3605 458 3669 -13s.4d.

309 3692 453 3756 Mln-M’.
509 3691 700 3775 Injunetum
728 3698 778 3758 est
807 3693 957 3757 omnibus
986 3693 1173 3758 tenentibus
1198 3693 1286 3758 villae
1315 3693 1403 3777 quod

266 3778 404 3863 quilibet
419 3799 529 3844 eorum
543 3778 697 3843 claudant
709 3779 843 3863 gordius
857 3785 933 3844 ante
948 3784 981 3843 et
994 3786 1079 3844 retro
1095 3817 1107 3828 ·
1124 3817 1136 3828 ·
1152 3785 1185 3845 et
1199 3781 1301 3845 661661
1315 3781 1403 3864 quod

265 3887 331 3930 666
345 3867 536 3950 permittent
557 3886 669 3950 661666
684 3886 743 3931 666
765 3865 874 3949 aliquo
895 3866 1002 3930 averia
1023 3867 1183 3931 6116611116
1197 3867 1310 3931 villam
1332 3867 1403 3932 6166

265 3954 418 4017 custodia.
431 3989 474 4002 -
485 3953 554 4037 [An
568 3952 623 4017 old
636 3953 826 4037 parchment
840 3952 987 4036 16611166]
1032 3954 1223 4037 Injunetum
1234 3958 1284 4018 est
1298 3954 1402 4017 omni·

264 4039 326 4102 bus
341 4040 525 4104 tenentibus
539 4040 626 4124 quod
647 4039 785 4123 quilibet
798 4059 908 4103 eorum
930 4045 1103 4122 operantur
1123 4041 1193 4124 [616]
1216 4040 1257 4104 ed
1277 4040 1403 4104 molen-

266 4125 387 4200 dinum,
398 4125 458 4189 viz.
470 4145 528 4208 pro
540 4127 553 4208 j
571 4127 694 4209 eotegio
709 4147 766 4210 661
772 4127 786 4209 j
797 4125 891 4203 diem,
903 4131 937 4190 et
946 4146 1004 4209 pro
1011 4127 1025 4210 j
1036 4126 1194 4211 bondagio
1204 4147 1263 4210 per
1269 4127 1283 4211 j
1297 4126 1403 4192 diem:

265 4211 309 4275 Et
323 4210 410 4294 quod
425 4211 563 4294 quilibet
573 4231 681 4276 eorum
694 4212 824 4295 6661666
834 4212 941 4277 loeum
952 4233 1048 4277 suum
1059 4213 1250 4297 tempestive
1265 4219 1300 4278 66
1314 4215 1402 4296 quod

264 4317 331 4361 666
345 4296 1151 4383 166166661111166616611616166111611616161166661
1166 4337 1178 4348 ·
1195 4324 1226 4364 -:
1240 4301 1284 4363 Et
1298 4301 1402 4365 661616

264 4383 449 4467 injunctum
470 4385 656 4449 tenentibus
670 4385 757 4450 villae
771 4385 874 4450 villat'
889 4387 929 4450 de
944 4387 1099 4451 West-M’
1121 4392 1155 4452 66
1176 4387 1299 4452 EstM'
1313 4387 1401 4470 quod

264 4491 331 4556 pro
348 4470 494 4552 quolibet
516 4470 585 4554 [sie]
607 4471 778 4536 66661616
800 4493 864 4556 que
886 4470 1004 4557 uliquis
1029 4478 1105 4537 6666
1127 4473 1267 4557 61161661
1287 4474 1400 4557 pestil-

264 4557 390 4622 enoiam
398 4556 581 4620 morabatur
589 4557 752 4640 16166166]Ι
762 4558 927 4623 hominem
938 4581 996 4643 pro
1005 4561 1208 4645 reparatione
1220 4560 1400 4625 molendini

263 4647 360 4725 prout
373 4643 486 4708 eodem
500 4646 641 4728 tempore
655 4642 724 4706 fieri
739 4643 892 4708 solebant.
