<?xml version="1.0" encoding="UTF-8"?>
<!DOCTYPE html PUBLIC "-//W3C//DTD XHTML 1.0 Transitional//EN"
    "http://www.w3.org/TR/xhtml1/DTD/xhtml1-transitional.dtd">
<html xmlns="http://www.w3.org/1999/xhtml" xml:lang="en" lang="en">
 <head>
  <title>
</title>
<meta http-equiv="Content-Type" content="text/html;charset=utf-8" />
  <meta name='ocr-system' content='tesseract 3.04.00' />
  <meta name='ocr-capabilities' content='ocr_page ocr_carea ocr_par ocr_line ocrx_word'/>
</head>
<body>
  <div class='ocr_page' id='page_1' title='image "./halmotaprioratu01cathgoog/halmotaprioratu01cathgoog_0117.png"; bbox 0 0 3278 5204; ppageno 0'>
   <div class='ocr_carea' id='block_1_1' title="bbox 304 579 1450 648">
    <p class='ocr_par' dir='ltr' id='par_1_1' title="bbox 304 579 1450 648">
     <span class='ocr_line' id='line_1_1' title="bbox 304 579 1450 648; baseline -0.005 0"><span class='ocrx_word' id='word_1_1' title='bbox 304 587 344 648; x_wconf 76' lang='lat'><strong>62</strong></span> <span class='ocrx_word' id='word_1_2' title='bbox 562 594 721 644; x_wconf 78' lang='lat' dir='ltr'><strong>sarucia</strong></span> <span class='ocrx_word' id='word_1_3' title='bbox 735 591 920 642; x_wconf 78' lang='lat' dir='ltr'><strong>rsronrrne</strong></span> <span class='ocrx_word' id='word_1_4' title='bbox 935 591 1178 642; x_wconf 82' lang='lat' dir='ltr'><strong>nuusnunnsrs.</strong></span> <span class='ocrx_word' id='word_1_5' title='bbox 1249 579 1450 642; x_wconf 71' lang='lat' dir='ltr'><strong>lete-1367.</strong></span> 
     </span>
    </p>
   </div>
   <div class='ocr_carea' id='block_1_2' title="bbox 215 747 1502 4044">
    <p class='ocr_par' dir='ltr' id='par_1_2' title="bbox 299 747 1502 2830">
     <span class='ocr_line' id='line_1_2' title="bbox 302 747 1450 840; baseline -0.004 -22"><span class='ocrx_word' id='word_1_6' title='bbox 302 759 394 840; x_wconf 89' lang='lat' dir='ltr'><strong>parte</strong></span> <span class='ocrx_word' id='word_1_7' title='bbox 408 753 543 818; x_wconf 77' lang='lat' dir='ltr'><strong>australi</strong></span> <span class='ocrx_word' id='word_1_8' title='bbox 557 752 653 818; x_wconf 79' lang='lat' dir='ltr'><strong>villae.</strong></span> <span class='ocrx_word' id='word_1_9' title='bbox 699 751 782 840; x_wconf 90' lang='lat' dir='ltr'><strong>[The</strong></span> <span class='ocrx_word' id='word_1_10' title='bbox 796 756 886 815; x_wconf 82' lang='lat' dir='ltr'><strong>town</strong></span> <span class='ocrx_word' id='word_1_11' title='bbox 900 755 1014 816; x_wconf 82' lang='lat' dir='ltr'><strong>streete</strong></span> <span class='ocrx_word' id='word_1_12' title='bbox 1029 750 1066 815; x_wconf 79' lang='lat' dir='ltr'><strong>os</strong></span> <span class='ocrx_word' id='word_1_13' title='bbox 1077 749 1183 814; x_wconf 83' lang='lat' dir='ltr'><strong>Monk</strong></span> <span class='ocrx_word' id='word_1_14' title='bbox 1198 749 1356 814; x_wconf 88' lang='lat' dir='ltr'><strong>Heeilden</strong></span> <span class='ocrx_word' id='word_1_15' title='bbox 1378 747 1450 813; x_wconf 89' lang='lat' dir='ltr'><strong>and</strong></span> 
     </span>
     <span class='ocr_line' id='line_1_3' title="bbox 302 835 1447 926; baseline -0.005 -20"><span class='ocrx_word' id='word_1_16' title='bbox 302 841 394 926; x_wconf 84' lang='lat' dir='ltr'><strong>High</strong></span> <span class='ocrx_word' id='word_1_17' title='bbox 406 839 574 916; x_wconf 85' lang='lat' dir='ltr'><strong>Hesilden,</strong></span> <span class='ocrx_word' id='word_1_18' title='bbox 585 840 665 905; x_wconf 91' lang='lat' dir='ltr'><strong>both</strong></span> <span class='ocrx_word' id='word_1_19' title='bbox 677 840 713 904; x_wconf 93' lang='lat' dir='ltr'><strong>in</strong></span> <span class='ocrx_word' id='word_1_20' title='bbox 727 838 784 904; x_wconf 88' lang='lat' dir='ltr'><strong>the</strong></span> <span class='ocrx_word' id='word_1_21' title='bbox 798 859 886 902; x_wconf 85' lang='lat' dir='ltr'><strong>seme</strong></span> <span class='ocrx_word' id='word_1_22' title='bbox 901 837 1020 921; x_wconf 73' lang='lat' dir='ltr'><strong>par-ish,</strong></span> <span class='ocrx_word' id='word_1_23' title='bbox 1034 858 1096 902; x_wconf 91' lang='lat' dir='ltr'><strong>run</strong></span> <span class='ocrx_word' id='word_1_24' title='bbox 1110 837 1194 901; x_wconf 87' lang='lat' dir='ltr'><strong>from</strong></span> <span class='ocrx_word' id='word_1_25' title='bbox 1205 843 1275 902; x_wconf 83' lang='lat' dir='ltr'><strong>east</strong></span> <span class='ocrx_word' id='word_1_26' title='bbox 1288 843 1323 900; x_wconf 91' lang='lat' dir='ltr'><strong>to</strong></span> <span class='ocrx_word' id='word_1_27' title='bbox 1337 835 1447 922; x_wconf 79' lang='lat' dir='ltr'><strong>west]</strong></span> 
     </span>
     <span class='ocr_line' id='line_1_4' title="bbox 302 923 1449 1009; baseline -0.006 -16"><span class='ocrx_word' id='word_1_28' title='bbox 302 961 346 975; x_wconf 90' lang='lat'>—</span> <span class='ocrx_word' id='word_1_29' title='bbox 356 929 407 992; x_wconf 92' lang='lat' dir='ltr'><strong>De</strong></span> <span class='ocrx_word' id='word_1_30' title='bbox 421 927 608 992; x_wconf 81' lang='lat' dir='ltr'><strong>Alexandro</strong></span> <span class='ocrx_word' id='word_1_31' title='bbox 620 925 742 990; x_wconf 90' lang='lat' dir='ltr'><strong>Milner</strong></span> <span class='ocrx_word' id='word_1_32' title='bbox 752 925 830 1009; x_wconf 86' lang='lat' dir='ltr'><strong>quia</strong></span> <span class='ocrx_word' id='word_1_33' title='bbox 844 924 951 988; x_wconf 91' lang='lat' dir='ltr'><strong>noluit</strong></span> <span class='ocrx_word' id='word_1_34' title='bbox 965 924 1084 990; x_wconf 89' lang='lat' dir='ltr'><strong>molere</strong></span> <span class='ocrx_word' id='word_1_35' title='bbox 1099 925 1299 988; x_wconf 90' lang='lat' dir='ltr'><strong>frumentum</strong></span> <span class='ocrx_word' id='word_1_36' title='bbox 1310 923 1449 987; x_wconf 89' lang='lat' dir='ltr'><strong>Roberti</strong></span> 
     </span>
     <span class='ocr_line' id='line_1_5' title="bbox 303 1011 1447 1096; baseline -0.006 -17"><span class='ocrx_word' id='word_1_37' title='bbox 303 1015 344 1080; x_wconf 90' lang='lat' dir='ltr'><strong>de</strong></span> <span class='ocrx_word' id='word_1_38' title='bbox 360 1015 495 1079; x_wconf 90' lang='lat' dir='ltr'><strong>Brerton</strong></span> <span class='ocrx_word' id='word_1_39' title='bbox 509 1051 524 1064; x_wconf 94' lang='lat'>·</span> <span class='ocrx_word' id='word_1_40' title='bbox 539 1052 554 1064; x_wconf 94' lang='lat'><em>-</em></span> <span class='ocrx_word' id='word_1_41' title='bbox 568 1052 608 1064; x_wconf 95' lang='lat'>-</span> <span class='ocrx_word' id='word_1_42' title='bbox 619 1015 670 1078; x_wconf 92' lang='lat' dir='ltr'><strong>De</strong></span> <span class='ocrx_word' id='word_1_43' title='bbox 686 1012 831 1078; x_wconf 86' lang='lat' dir='ltr'><strong>Gilberto</strong></span> <span class='ocrx_word' id='word_1_44' title='bbox 847 1011 929 1077; x_wconf 88' lang='lat' dir='ltr'><strong>Skot</strong></span> <span class='ocrx_word' id='word_1_45' title='bbox 948 1031 1006 1095; x_wconf 94' lang='lat' dir='ltr'><strong>pro</strong></span> <span class='ocrx_word' id='word_1_46' title='bbox 1019 1011 1146 1096; x_wconf 87' lang='lat' dir='ltr'><strong>herbag&#39;</strong></span> <span class='ocrx_word' id='word_1_47' title='bbox 1162 1011 1300 1074; x_wconf 91' lang='lat' dir='ltr'><strong>duorum</strong></span> <span class='ocrx_word' id='word_1_48' title='bbox 1313 1011 1447 1093; x_wconf 82' lang='lat' dir='ltr'><strong>gardin-</strong></span> 
     </span>
     <span class='ocr_line' id='line_1_6' title="bbox 303 1097 1447 1186; baseline -0.005 -19"><span class='ocrx_word' id='word_1_49' title='bbox 303 1122 396 1167; x_wconf 87' lang='lat' dir='ltr'><strong>ornm</strong></span> <span class='ocrx_word' id='word_1_50' title='bbox 410 1101 555 1186; x_wconf 83' lang='lat' dir='ltr'><strong>occupat&#39;</strong></span> <span class='ocrx_word' id='word_1_51' title='bbox 571 1121 630 1184; x_wconf 89' lang='lat' dir='ltr'><strong>per</strong></span> <span class='ocrx_word' id='word_1_52' title='bbox 651 1100 731 1164; x_wconf 89' lang='lat' dir='ltr'><strong>duos</strong></span> <span class='ocrx_word' id='word_1_53' title='bbox 754 1119 864 1176; x_wconf 90' lang='lat' dir='ltr'><strong>annos,</strong></span> <span class='ocrx_word' id='word_1_54' title='bbox 879 1118 953 1182; x_wconf 81' lang='lat' dir='ltr'><strong>quas</strong></span> <span class='ocrx_word' id='word_1_55' title='bbox 974 1118 1041 1162; x_wconf 88' lang='lat' dir='ltr'><strong>non</strong></span> <span class='ocrx_word' id='word_1_56' title='bbox 1063 1097 1247 1182; x_wconf 82' lang='lat' dir='ltr'><strong>cepit,12d</strong></span> <span class='ocrx_word' id='word_1_57' title='bbox 1291 1098 1447 1161; x_wconf 89' lang='lat' dir='ltr'><strong>Dismiss&#39;</strong></span> 
     </span>
     <span class='ocr_line' id='line_1_7' title="bbox 304 1185 1447 1273; baseline -0.005 -20"><span class='ocrx_word' id='word_1_58' title='bbox 304 1188 383 1273; x_wconf 64' lang='lat' dir='ltr'><strong>[arci</strong></span> <span class='ocrx_word' id='word_1_59' title='bbox 428 1188 522 1253; x_wconf 90' lang='lat' dir='ltr'><strong>Idem</strong></span> <span class='ocrx_word' id='word_1_60' title='bbox 537 1187 702 1252; x_wconf 85' lang='lat' dir='ltr'><strong>Gilbertus</strong></span> <span class='ocrx_word' id='word_1_61' title='bbox 721 1187 807 1270; x_wconf 88' lang='lat' dir='ltr'><strong>cepit</strong></span> <span class='ocrx_word' id='word_1_62' title='bbox 828 1185 983 1269; x_wconf 70' lang='lat' dir='ltr'><strong>praedicta</strong></span> <span class='ocrx_word' id='word_1_63' title='bbox 996 1185 1061 1249; x_wconf 90' lang='lat' dir='ltr'><strong>dua</strong></span> <span class='ocrx_word' id='word_1_64' title='bbox 1081 1185 1232 1269; x_wconf 85' lang='lat' dir='ltr'><strong>gardins:</strong></span> <span class='ocrx_word' id='word_1_65' title='bbox 1256 1185 1386 1248; x_wconf 88' lang='lat' dir='ltr'><strong>tenend’</strong></span> <span class='ocrx_word' id='word_1_66' title='bbox 1402 1185 1447 1248; x_wconf 85' lang='lat' dir='ltr'><strong>ad</strong></span> 
     </span>
     <span class='ocr_line' id='line_1_8' title="bbox 303 1271 1447 1356; baseline -0.004 -17"><span class='ocrx_word' id='word_1_67' title='bbox 303 1275 506 1340; x_wconf 75' lang='lat' dir='ltr'><strong>voluntatem</strong></span> <span class='ocrx_word' id='word_1_68' title='bbox 520 1273 663 1339; x_wconf 88' lang='lat' dir='ltr'><strong>domini:</strong></span> <span class='ocrx_word' id='word_1_69' title='bbox 678 1272 764 1338; x_wconf 85' lang='lat' dir='ltr'>redd.</span> <span class='ocrx_word' id='word_1_70' title='bbox 777 1293 808 1356; x_wconf 94' lang='lat' dir='ltr'><strong>p.</strong></span> <span class='ocrx_word' id='word_1_71' title='bbox 822 1293 850 1338; x_wconf 91' lang='lat' dir='ltr'><strong>a.</strong></span> <span class='ocrx_word' id='word_1_72' title='bbox 864 1279 908 1338; x_wconf 73' lang='lat' dir='ltr'><strong>ts.</strong></span> <span class='ocrx_word' id='word_1_73' title='bbox 920 1295 927 1336; x_wconf 73' lang='grc' dir='ltr'><strong>ι</strong></span> <span class='ocrx_word' id='word_1_74' title='bbox 941 1277 975 1336; x_wconf 92' lang='lat' dir='ltr'><strong>et</strong></span> <span class='ocrx_word' id='word_1_75' title='bbox 985 1272 1119 1356; x_wconf 79' lang='lat' dir='ltr'><strong>incipiet</strong></span> <span class='ocrx_word' id='word_1_76' title='bbox 1134 1271 1256 1336; x_wconf 85' lang='lat' dir='ltr'><strong>solvere</strong></span> <span class='ocrx_word' id='word_1_77' title='bbox 1268 1272 1309 1335; x_wconf 88' lang='lat' dir='ltr'><strong>ad</strong></span> <span class='ocrx_word' id='word_1_78' title='bbox 1322 1271 1447 1335; x_wconf 86' lang='lat' dir='ltr'><strong>festum</strong></span> 
     </span>
     <span class='ocr_line' id='line_1_9' title="bbox 304 1358 1446 1444; baseline -0.004 -18"><span class='ocrx_word' id='word_1_79' title='bbox 304 1361 396 1426; x_wconf 91' lang='lat' dir='ltr'><strong>Pent.</strong></span> <span class='ocrx_word' id='word_1_80' title='bbox 412 1381 500 1444; x_wconf 87' lang='lat' dir='ltr'><strong>prox.</strong></span> <span class='ocrx_word' id='word_1_81' title='bbox 522 1361 677 1425; x_wconf 76' lang='lat' dir='ltr'><strong>futurum.</strong></span> <span class='ocrx_word' id='word_1_82' title='bbox 723 1359 767 1423; x_wconf 85' lang='lat' dir='ltr'><strong>Et</strong></span> <span class='ocrx_word' id='word_1_83' title='bbox 788 1359 972 1442; x_wconf 90' lang='lat' dir='ltr'><strong>injunctum</strong></span> <span class='ocrx_word' id='word_1_84' title='bbox 994 1365 1046 1424; x_wconf 88' lang='lat' dir='ltr'><strong>eet</strong></span> <span class='ocrx_word' id='word_1_85' title='bbox 1067 1358 1212 1424; x_wconf 85' lang='lat' dir='ltr'><strong>Johanni</strong></span> <span class='ocrx_word' id='word_1_86' title='bbox 1227 1358 1267 1422; x_wconf 95' lang='lat' dir='ltr'><strong>de</strong></span> <span class='ocrx_word' id='word_1_87' title='bbox 1290 1359 1446 1441; x_wconf 86' lang='lat' dir='ltr'><strong>Raynton</strong></span> 
     </span>
     <span class='ocr_line' id='line_1_10' title="bbox 303 1445 1447 1560; baseline -0.002 -50"><span class='ocrx_word' id='word_1_88' title='bbox 303 1448 476 1560; x_wconf 57' lang='lat' dir='ltr'><strong>preposito</strong></span> <span class='ocrx_word' id='word_1_89' title='bbox 490 1447 589 1546; x_wconf 41' lang='lat' dir='ltr'><strong>quod·</strong></span> <span class='ocrx_word' id='word_1_90' title='bbox 598 1447 705 1530; x_wconf 89' lang='lat' dir='ltr'><strong>capiat</strong></span> <span class='ocrx_word' id='word_1_91' title='bbox 719 1446 797 1546; x_wconf 84' lang='lat' dir='ltr'><strong>inde</strong></span> <span class='ocrx_word' id='word_1_92' title='bbox 818 1445 1032 1546; x_wconf 74' lang='lat' dir='ltr'><strong>securitatem.</strong></span> <span class='ocrx_word' id='word_1_93' title='bbox 1043 1483 1087 1492; x_wconf 92' lang='lat'><em>-</em></span> <span class='ocrx_word' id='word_1_94' title='bbox 1099 1446 1307 1544; x_wconf 76' lang='lat' dir='ltr'><strong>compertum</strong></span> <span class='ocrx_word' id='word_1_95' title='bbox 1322 1451 1372 1510; x_wconf 87' lang='lat' dir='ltr'><strong>est</strong></span> <span class='ocrx_word' id='word_1_96' title='bbox 1387 1465 1447 1528; x_wconf 85' lang='lat' dir='ltr'><strong>per</strong></span> 
     </span>
     <span class='ocr_line' id='line_1_11' title="bbox 299 1532 1446 1703; baseline -0.003 -17"><span class='ocrx_word' id='word_1_97' title='bbox 299 1533 648 1686; x_wconf 48' lang='lat' dir='ltr'><strong>pppdpupphacpntaeprppp</strong></span> <span class='ocrx_word' id='word_1_98' title='bbox 662 1532 1446 1703; x_wconf 48' lang='lat' dir='ltr'><strong>liiiyiigiatrgplinriiiiiaciriiaffmGpdedriimnii</strong></span> 
     </span>
     <span class='ocr_line' id='line_1_12' title="bbox 302 1705 1445 1788; baseline -0.003 -16"><span class='ocrx_word' id='word_1_99' title='bbox 302 1707 438 1772; x_wconf 85' lang='lat' dir='ltr'><strong>transire</strong></span> <span class='ocrx_word' id='word_1_100' title='bbox 453 1713 544 1772; x_wconf 86' lang='lat' dir='ltr'><strong>extra</strong></span> <span class='ocrx_word' id='word_1_101' title='bbox 557 1706 671 1771; x_wconf 87' lang='lat' dir='ltr'><strong>villam</strong></span> <span class='ocrx_word' id='word_1_102' title='bbox 685 1725 751 1770; x_wconf 92' lang='lat' dir='ltr'><strong>non</strong></span> <span class='ocrx_word' id='word_1_103' title='bbox 765 1707 949 1771; x_wconf 86' lang='lat' dir='ltr'><strong>arrestaudo</strong></span> <span class='ocrx_word' id='word_1_104' title='bbox 963 1706 1048 1770; x_wconf 91' lang='lat' dir='ltr'><strong>bona</strong></span> <span class='ocrx_word' id='word_1_105' title='bbox 1067 1725 1126 1770; x_wconf 92' lang='lat' dir='ltr'><strong>nec</strong></span> <span class='ocrx_word' id='word_1_106' title='bbox 1140 1705 1257 1770; x_wconf 87' lang='lat' dir='ltr'><strong>catalla</strong></span> <span class='ocrx_word' id='word_1_107' title='bbox 1271 1725 1338 1770; x_wconf 87' lang='lat' dir='ltr'><strong>sua</strong></span> <span class='ocrx_word' id='word_1_108' title='bbox 1386 1705 1445 1788; x_wconf 92' lang='lat' dir='ltr'><strong>[In</strong></span> 
     </span>
     <span class='ocr_line' id='line_1_13' title="bbox 303 1792 1445 1880; baseline -0.004 -20"><span class='ocrx_word' id='word_1_109' title='bbox 303 1794 361 1860; x_wconf 90' lang='lat' dir='ltr'><strong>the</strong></span> <span class='ocrx_word' id='word_1_110' title='bbox 382 1794 507 1880; x_wconf 86' lang='lat' dir='ltr'><strong>mcrgin</strong></span> <span class='ocrx_word' id='word_1_111' title='bbox 521 1794 550 1858; x_wconf 91' lang='lat' dir='ltr'><strong>is</strong></span> <span class='ocrx_word' id='word_1_112' title='bbox 564 1794 711 1858; x_wconf 76' lang='lat' dir='ltr'><strong>written:</strong></span> <span class='ocrx_word' id='word_1_113' title='bbox 737 1793 907 1858; x_wconf 89' lang='lat' dir='ltr'><strong>“Dimias’.</strong></span> <span class='ocrx_word' id='word_1_114' title='bbox 950 1792 1109 1857; x_wconf 77' lang='lat' dir='ltr'><strong>Redditus</strong></span> <span class='ocrx_word' id='word_1_115' title='bbox 1131 1793 1172 1856; x_wconf 86' lang='lat' dir='ltr'><strong>de</strong></span> <span class='ocrx_word' id='word_1_116' title='bbox 1188 1811 1281 1856; x_wconf 89' lang='lat' dir='ltr'><strong>novo.</strong></span> <span class='ocrx_word' id='word_1_117' title='bbox 1325 1792 1445 1856; x_wconf 86' lang='lat' dir='ltr'><strong>Postea</strong></span> 
     </span>
     <span class='ocr_line' id='line_1_14' title="bbox 304 1878 1446 1966; baseline -0.004 -20"><span class='ocrx_word' id='word_1_118' title='bbox 304 1881 446 1947; x_wconf 85' lang='lat' dir='ltr'><strong>reddidit</strong></span> <span class='ocrx_word' id='word_1_119' title='bbox 466 1881 606 1966; x_wconf 74' lang='lat' dir='ltr'><strong>gfsam.’¹]</strong></span> <span class='ocrx_word' id='word_1_120' title='bbox 649 1879 816 1945; x_wconf 86' lang='lat' dir='ltr'><strong>Johannes</strong></span> <span class='ocrx_word' id='word_1_121' title='bbox 838 1879 879 1945; x_wconf 91' lang='lat' dir='ltr'><strong>de</strong></span> <span class='ocrx_word' id='word_1_122' title='bbox 901 1879 1054 1963; x_wconf 89' lang='lat' dir='ltr'><strong>Raynton</strong></span> <span class='ocrx_word' id='word_1_123' title='bbox 1076 1880 1167 1943; x_wconf 89' lang='lat' dir='ltr'><strong>venit</strong></span> <span class='ocrx_word' id='word_1_124' title='bbox 1188 1878 1241 1944; x_wconf 91' lang='lat' dir='ltr'><strong>hic</strong></span> <span class='ocrx_word' id='word_1_125' title='bbox 1263 1879 1299 1942; x_wconf 94' lang='lat' dir='ltr'><strong>in</strong></span> <span class='ocrx_word' id='word_1_126' title='bbox 1321 1880 1388 1942; x_wconf 86' lang='lat' dir='ltr'><strong>cur’</strong></span> <span class='ocrx_word' id='word_1_127' title='bbox 1411 1885 1446 1943; x_wconf 91' lang='lat' dir='ltr'><strong>et</strong></span> 
     </span>
     <span class='ocr_line' id='line_1_15' title="bbox 304 1965 1446 2052; baseline -0.003 -19"><span class='ocrx_word' id='word_1_128' title='bbox 304 1968 392 2052; x_wconf 90' lang='lat' dir='ltr'><strong>cepit</strong></span> <span class='ocrx_word' id='word_1_129' title='bbox 406 1989 509 2032; x_wconf 88' lang='lat' dir='ltr'><strong>unum</strong></span> <span class='ocrx_word' id='word_1_130' title='bbox 524 1966 686 2051; x_wconf 84' lang='lat' dir='ltr'><strong>ootagium</strong></span> <span class='ocrx_word' id='word_1_131' title='bbox 697 1967 784 2050; x_wconf 90' lang='lat' dir='ltr'><strong>quod</strong></span> <span class='ocrx_word' id='word_1_132' title='bbox 800 1965 869 2050; x_wconf 81' lang='lat' dir='ltr'><strong>[cic]</strong></span> <span class='ocrx_word' id='word_1_133' title='bbox 882 1966 1025 2031; x_wconf 80' lang='lat' dir='ltr'><strong>situatur</strong></span> <span class='ocrx_word' id='word_1_134' title='bbox 1037 1986 1095 2050; x_wconf 91' lang='lat' dir='ltr'><strong>pro</strong></span> <span class='ocrx_word' id='word_1_135' title='bbox 1110 1965 1286 2050; x_wconf 58' lang='lat' dir='ltr'><strong>rorgrssvillae</strong></span> <span class='ocrx_word' id='word_1_136' title='bbox 1302 1986 1446 2030; x_wconf 85' lang='lat' dir='ltr'><strong>eumuna</strong></span> 
     </span>
     <span class='ocr_line' id='line_1_16' title="bbox 304 2052 1444 2138; baseline -0.002 -19"><span class='ocrx_word' id='word_1_137' title='bbox 304 2075 377 2120; x_wconf 84' lang='lat' dir='ltr'><strong>aera</strong></span> <span class='ocrx_word' id='word_1_138' title='bbox 397 2055 578 2138; x_wconf 79' lang='lat' dir='ltr'><strong>pertinente</strong></span> <span class='ocrx_word' id='word_1_139' title='bbox 592 2053 746 2136; x_wconf 74' lang='lat' dir='ltr'><strong>praedicto</strong></span> <span class='ocrx_word' id='word_1_140' title='bbox 767 2055 892 2138; x_wconf 83' lang='lat' dir='ltr'><strong>cotegio</strong></span> <span class='ocrx_word' id='word_1_141' title='bbox 905 2089 921 2100; x_wconf 95' lang='lat'><em>-</em></span> <span class='ocrx_word' id='word_1_142' title='bbox 934 2090 950 2100; x_wconf 94' lang='lat'>-</span> <span class='ocrx_word' id='word_1_143' title='bbox 966 2052 1008 2117; x_wconf 86' lang='lat' dir='ltr'><strong>ed</strong></span> <span class='ocrx_word' id='word_1_144' title='bbox 1029 2058 1122 2118; x_wconf 90' lang='lat' dir='ltr'><strong>term.</strong></span> <span class='ocrx_word' id='word_1_145' title='bbox 1143 2053 1220 2117; x_wconf 78' lang='lat' dir='ltr'><strong>vitae</strong></span> <span class='ocrx_word' id='word_1_146' title='bbox 1241 2073 1328 2117; x_wconf 89' lang='lat' dir='ltr'><strong>suee:</strong></span> <span class='ocrx_word' id='word_1_147' title='bbox 1354 2052 1444 2117; x_wconf 88' lang='lat' dir='ltr'><strong>redd.</strong></span> 
     </span>
     <span class='ocr_line' id='line_1_17' title="bbox 303 2139 1443 2226; baseline -0.002 -21"><span class='ocrx_word' id='word_1_148' title='bbox 303 2161 337 2226; x_wconf 91' lang='lat' dir='ltr'><strong>p.</strong></span> <span class='ocrx_word' id='word_1_149' title='bbox 351 2161 378 2206; x_wconf 83' lang='lat' dir='ltr'><strong>a</strong></span> <span class='ocrx_word' id='word_1_150' title='bbox 396 2146 450 2218; x_wconf 77' lang='lat' dir='ltr'><strong>ta,</strong></span> <span class='ocrx_word' id='word_1_151' title='bbox 469 2141 574 2225; x_wconf 88' lang='lat' dir='ltr'><strong>primo</strong></span> <span class='ocrx_word' id='word_1_152' title='bbox 594 2139 732 2204; x_wconf 88' lang='lat' dir='ltr'><strong>termino</strong></span> <span class='ocrx_word' id='word_1_153' title='bbox 753 2139 927 2204; x_wconf 70' lang='lat' dir='ltr'><strong>solutionis</strong></span> <span class='ocrx_word' id='word_1_154' title='bbox 948 2139 1124 2223; x_wconf 86' lang='lat' dir='ltr'><strong>incipiente</strong></span> <span class='ocrx_word' id='word_1_155' title='bbox 1146 2139 1327 2204; x_wconf 79' lang='lat' dir='ltr'><strong>adfectum</strong></span> <span class='ocrx_word' id='word_1_156' title='bbox 1350 2140 1443 2204; x_wconf 86' lang='lat' dir='ltr'><strong>Pent</strong></span> 
     </span>
     <span class='ocr_line' id='line_1_18' title="bbox 305 2225 1443 2310; baseline -0.002 -19"><span class='ocrx_word' id='word_1_157' title='bbox 305 2246 391 2292; x_wconf 89' lang='lat' dir='ltr'><strong>anno</strong></span> <span class='ocrx_word' id='word_1_158' title='bbox 413 2226 556 2302; x_wconf 89' lang='lat' dir='ltr'><strong>Domini,</strong></span> <span class='ocrx_word' id='word_1_159' title='bbox 570 2231 628 2290; x_wconf 83' lang='lat' dir='ltr'><strong>etc</strong></span> <span class='ocrx_word' id='word_1_160' title='bbox 651 2225 803 2290; x_wconf 86' lang='lat' dir='ltr'><strong>lxix&#39;mo:</strong></span> <span class='ocrx_word' id='word_1_161' title='bbox 828 2230 862 2292; x_wconf 89' lang='lat' dir='ltr'><strong>et</strong></span> <span class='ocrx_word' id='word_1_162' title='bbox 882 2246 948 2290; x_wconf 92' lang='lat' dir='ltr'><strong>non</strong></span> <span class='ocrx_word' id='word_1_163' title='bbox 969 2231 1075 2303; x_wconf 85' lang='lat' dir='ltr'><strong>antea,</strong></span> <span class='ocrx_word' id='word_1_164' title='bbox 1093 2227 1171 2310; x_wconf 88' lang='lat' dir='ltr'><strong>quia</strong></span> <span class='ocrx_word' id='word_1_165' title='bbox 1191 2226 1282 2290; x_wconf 88' lang='lat' dir='ltr'><strong>firma</strong></span> <span class='ocrx_word' id='word_1_166' title='bbox 1304 2227 1443 2289; x_wconf 90' lang='lat' dir='ltr'><strong>duorum</strong></span> 
     </span>
     <span class='ocr_line' id='line_1_19' title="bbox 304 2311 1444 2397; baseline -0.002 -19"><span class='ocrx_word' id='word_1_167' title='bbox 304 2333 463 2378; x_wconf 91' lang='lat' dir='ltr'><strong>annorum</strong></span> <span class='ocrx_word' id='word_1_168' title='bbox 492 2312 693 2376; x_wconf 87' lang='lat' dir='ltr'><strong>condonatur</strong></span> <span class='ocrx_word' id='word_1_169' title='bbox 720 2311 763 2376; x_wconf 90' lang='lat' dir='ltr'><strong>ad</strong></span> <span class='ocrx_word' id='word_1_170' title='bbox 794 2313 1032 2396; x_wconf 90' lang='lat' dir='ltr'><strong>reparaoionem</strong></span> <span class='ocrx_word' id='word_1_171' title='bbox 1064 2313 1210 2397; x_wconf 66' lang='lat' dir='ltr'><strong>praedicti</strong></span> <span class='ocrx_word' id='word_1_172' title='bbox 1238 2313 1375 2397; x_wconf 84' lang='lat' dir='ltr'><strong>ootagr&#39;i:</strong></span> <span class='ocrx_word' id='word_1_173' title='bbox 1410 2319 1444 2376; x_wconf 93' lang='lat' dir='ltr'><strong>et</strong></span> 
     </span>
     <span class='ocr_line' id='line_1_20' title="bbox 304 2397 1502 2484; baseline -0.002 -21"><span class='ocrx_word' id='word_1_174' title='bbox 304 2399 478 2484; x_wconf 80' lang='lat' dir='ltr'><strong>praedictus</strong></span> <span class='ocrx_word' id='word_1_175' title='bbox 492 2399 660 2465; x_wconf 67' lang='lat' dir='ltr'><strong>«Iohannes</strong></span> <span class='ocrx_word' id='word_1_176' title='bbox 675 2397 865 2482; x_wconf 75' lang='lat' dir='ltr'><strong>praedictum</strong></span> <span class='ocrx_word' id='word_1_177' title='bbox 881 2400 1042 2484; x_wconf 86' lang='lat' dir='ltr'><strong>cotagium</strong></span> <span class='ocrx_word' id='word_1_178' title='bbox 1065 2399 1260 2464; x_wconf 88' lang='lat' dir='ltr'><strong>sufficienter</strong></span> <span class='ocrx_word' id='word_1_179' title='bbox 1280 2399 1445 2482; x_wconf 85' lang='lat' dir='ltr'><strong>reparabit</strong></span> <span class='ocrx_word' id='word_1_180' title='bbox 1497 2405 1502 2410; x_wconf 87' lang='lat'>&#39;</span> 
     </span>
     <span class='ocr_line' id='line_1_21' title="bbox 305 2484 1444 2569; baseline 0.001 -20"><span class='ocrx_word' id='word_1_181' title='bbox 305 2486 387 2550; x_wconf 83' lang='lat' dir='ltr'><strong>citro</strong></span> <span class='ocrx_word' id='word_1_182' title='bbox 412 2485 531 2550; x_wconf 79' lang='lat' dir='ltr'><strong>festum</strong></span> <span class='ocrx_word' id='word_1_183' title='bbox 555 2484 587 2551; x_wconf 84' lang='lat' dir='ltr'><strong>S.</strong></span> <span class='ocrx_word' id='word_1_184' title='bbox 613 2485 749 2548; x_wconf 89' lang='lat' dir='ltr'><strong>Martini</strong></span> <span class='ocrx_word' id='word_1_185' title='bbox 771 2505 855 2550; x_wconf 90' lang='lat' dir='ltr'><strong>anno</strong></span> <span class='ocrx_word' id='word_1_186' title='bbox 877 2486 1013 2550; x_wconf 91' lang='lat' dir='ltr'><strong>Domini</strong></span> <span class='ocrx_word' id='word_1_187' title='bbox 1034 2492 1094 2551; x_wconf 89' lang='lat' dir='ltr'><strong>etc.</strong></span> <span class='ocrx_word' id='word_1_188' title='bbox 1117 2486 1249 2569; x_wconf 78' lang='lat' dir='ltr'><strong>lxviiJ’o.</strong></span> <span class='ocrx_word' id='word_1_189' title='bbox 1262 2521 1276 2534; x_wconf 95' lang='lat'>·</span> <span class='ocrx_word' id='word_1_190' title='bbox 1290 2487 1360 2550; x_wconf 91' lang='lat' dir='ltr'><strong>-Et</strong></span> <span class='ocrx_word' id='word_1_191' title='bbox 1386 2486 1444 2550; x_wconf 87' lang='lat' dir='ltr'><strong>det</strong></span> 
     </span>
     <span class='ocr_line' id='line_1_22' title="bbox 304 2570 1444 2658; baseline 0.001 -22"><span class='ocrx_word' id='word_1_192' title='bbox 304 2592 363 2657; x_wconf 92' lang='lat' dir='ltr'><strong>pro</strong></span> <span class='ocrx_word' id='word_1_193' title='bbox 377 2571 509 2658; x_wconf 86' lang='lat' dir='ltr'><strong>gres&#39;ma</strong></span> <span class='ocrx_word' id='word_1_194' title='bbox 524 2570 595 2636; x_wconf 76' lang='lat' dir='ltr'><strong>ed:</strong></span> <span class='ocrx_word' id='word_1_195' title='bbox 617 2572 817 2636; x_wconf 88' lang='lat' dir='ltr'><strong>condonatur</strong></span> <span class='ocrx_word' id='word_1_196' title='bbox 827 2593 886 2656; x_wconf 89' lang='lat' dir='ltr'><strong>per</strong></span> <span class='ocrx_word' id='word_1_197' title='bbox 898 2573 1075 2638; x_wconf 83' lang='lat' dir='ltr'><strong>terrarium.</strong></span> <span class='ocrx_word' id='word_1_198' title='bbox 1118 2573 1162 2636; x_wconf 86' lang='lat' dir='ltr'><strong>Et</strong></span> <span class='ocrx_word' id='word_1_199' title='bbox 1173 2573 1340 2638; x_wconf 87' lang='lat' dir='ltr'><strong>sciendum</strong></span> <span class='ocrx_word' id='word_1_200' title='bbox 1355 2573 1444 2656; x_wconf 91' lang='lat' dir='ltr'><strong>quod</strong></span> 
     </span>
     <span class='ocr_line' id='line_1_23' title="bbox 304 2659 1444 2744; baseline 0 -20"><span class='ocrx_word' id='word_1_201' title='bbox 304 2659 478 2744; x_wconf 75' lang='lat' dir='ltr'><strong>predictus</strong></span> <span class='ocrx_word' id='word_1_202' title='bbox 510 2659 677 2725; x_wconf 80' lang='lat' dir='ltr'><strong>Johannes</strong></span> <span class='ocrx_word' id='word_1_203' title='bbox 704 2659 804 2723; x_wconf 88' lang='lat' dir='ltr'><strong>hebet</strong></span> <span class='ocrx_word' id='word_1_204' title='bbox 835 2659 1003 2725; x_wconf 90' lang='lat' dir='ltr'><strong>licenciam</strong></span> <span class='ocrx_word' id='word_1_205' title='bbox 1031 2660 1224 2724; x_wconf 88' lang='lat' dir='ltr'><strong>tebernandi</strong></span> <span class='ocrx_word' id='word_1_206' title='bbox 1251 2660 1444 2744; x_wconf 76' lang='lat' dir='ltr'><strong>praedictum</strong></span> 
     </span>
     <span class='ocr_line' id='line_1_24' title="bbox 305 2746 880 2830; baseline 0 -19"><span class='ocrx_word' id='word_1_207' title='bbox 305 2747 468 2830; x_wconf 83' lang='lat' dir='ltr'><strong>cotcgium</strong></span> <span class='ocrx_word' id='word_1_208' title='bbox 482 2747 541 2810; x_wconf 90' lang='lat' dir='ltr'><strong>uni</strong></span> <span class='ocrx_word' id='word_1_209' title='bbox 556 2746 732 2810; x_wconf 90' lang='lat' dir='ltr'><strong>sufficienti</strong></span> <span class='ocrx_word' id='word_1_210' title='bbox 746 2747 880 2811; x_wconf 85' lang='lat' dir='ltr'><strong>tenenti</strong></span> 
     </span>
    </p>

    <p class='ocr_par' dir='ltr' id='par_1_3' title="bbox 215 2831 1447 4044">
     <span class='ocr_line' id='line_1_25' title="bbox 348 2831 1443 2917; baseline 0 -20"><span class='ocrx_word' id='word_1_211' title='bbox 348 2834 498 2898; x_wconf 68' lang='lat' dir='ltr'><strong>Datrort.</strong></span> <span class='ocrx_word' id='word_1_212' title='bbox 544 2833 657 2898; x_wconf 90' lang='lat' dir='ltr'><strong>Unum</strong></span> <span class='ocrx_word' id='word_1_213' title='bbox 682 2831 725 2896; x_wconf 91' lang='lat' dir='ltr'><strong>di.</strong></span> <span class='ocrx_word' id='word_1_214' title='bbox 753 2833 854 2915; x_wconf 86' lang='lat' dir='ltr'><strong>eotag&#39;</strong></span> <span class='ocrx_word' id='word_1_215' title='bbox 880 2833 967 2916; x_wconf 91' lang='lat' dir='ltr'><strong>quod</strong></span> <span class='ocrx_word' id='word_1_216' title='bbox 993 2831 1134 2896; x_wconf 87' lang='lat' dir='ltr'><strong>Matilda</strong></span> <span class='ocrx_word' id='word_1_217' title='bbox 1158 2833 1325 2917; x_wconf 79' lang='lat' dir='ltr'><strong>Faytwyic</strong></span> <span class='ocrx_word' id='word_1_218' title='bbox 1350 2833 1443 2916; x_wconf 89' lang='lat' dir='ltr'><strong>prius</strong></span> 
     </span>
     <span class='ocr_line' id='line_1_26' title="bbox 304 2918 1444 3004; baseline -0.003 -18"><span class='ocrx_word' id='word_1_219' title='bbox 304 2921 412 2986; x_wconf 89' lang='lat' dir='ltr'><strong>tenuit</strong></span> <span class='ocrx_word' id='word_1_220' title='bbox 426 2920 525 2986; x_wconf 90' lang='lat' dir='ltr'><strong>estin</strong></span> <span class='ocrx_word' id='word_1_221' title='bbox 539 2940 639 2984; x_wconf 88' lang='lat' dir='ltr'><strong>manu</strong></span> <span class='ocrx_word' id='word_1_222' title='bbox 653 2918 788 2983; x_wconf 89' lang='lat' dir='ltr'><strong>Domini</strong></span> <span class='ocrx_word' id='word_1_223' title='bbox 807 2920 885 3002; x_wconf 87' lang='lat' dir='ltr'><strong>quia</strong></span> <span class='ocrx_word' id='word_1_224' title='bbox 899 2925 1046 2984; x_wconf 87' lang='lat' dir='ltr'><strong>mortuus</strong></span> <span class='ocrx_word' id='word_1_225' title='bbox 1062 2920 1132 3004; x_wconf 80' lang='lat' dir='ltr'><strong>[sic]</strong></span> <span class='ocrx_word' id='word_1_226' title='bbox 1148 2925 1205 2984; x_wconf 90' lang='lat' dir='ltr'><strong>ast.</strong></span> <span class='ocrx_word' id='word_1_227' title='bbox 1252 2921 1295 2984; x_wconf 86' lang='lat' dir='ltr'><strong>Et</strong></span> <span class='ocrx_word' id='word_1_228' title='bbox 1310 2919 1444 3003; x_wconf 88' lang='lat' dir='ltr'><strong>dampn&#39;</strong></span> 
     </span>
     <span class='ocr_line' id='line_1_27' title="bbox 305 3006 1443 3092; baseline -0.002 -20"><span class='ocrx_word' id='word_1_229' title='bbox 305 3007 386 3072; x_wconf 88' lang='lat' dir='ltr'><strong>dieti</strong></span> <span class='ocrx_word' id='word_1_230' title='bbox 400 3008 519 3092; x_wconf 84' lang='lat' dir='ltr'><strong>cotagii</strong></span> <span class='ocrx_word' id='word_1_231' title='bbox 539 3008 618 3072; x_wconf 89' lang='lat' dir='ltr'><strong>dum</strong></span> <span class='ocrx_word' id='word_1_232' title='bbox 639 3006 704 3070; x_wconf 88' lang='lat' dir='ltr'><strong>fuit</strong></span> <span class='ocrx_word' id='word_1_233' title='bbox 718 3006 754 3069; x_wconf 90' lang='lat' dir='ltr'><strong>in</strong></span> <span class='ocrx_word' id='word_1_234' title='bbox 775 3012 890 3070; x_wconf 83' lang='lat' dir='ltr'><strong>tenure</strong></span> <span class='ocrx_word' id='word_1_235' title='bbox 912 3027 971 3071; x_wconf 90' lang='lat' dir='ltr'><strong>sua</strong></span> <span class='ocrx_word' id='word_1_236' title='bbox 993 3006 1220 3090; x_wconf 80' lang='lat' dir='ltr'><strong>adjudicentur</strong></span> <span class='ocrx_word' id='word_1_237' title='bbox 1239 3027 1298 3090; x_wconf 89' lang='lat' dir='ltr'><strong>per</strong></span> <span class='ocrx_word' id='word_1_238' title='bbox 1315 3007 1379 3089; x_wconf 88' lang='lat' dir='ltr'><strong>jur’</strong></span> <span class='ocrx_word' id='word_1_239' title='bbox 1398 3009 1443 3070; x_wconf 80' lang='lat' dir='ltr'><strong>7s.</strong></span> 
     </span>
     <span class='ocr_line' id='line_1_28' title="bbox 305 3093 1445 3176; baseline 0 -20"><span class='ocrx_word' id='word_1_240' title='bbox 305 3094 391 3158; x_wconf 86' lang='lat' dir='ltr'><strong>unde</strong></span> <span class='ocrx_word' id='word_1_241' title='bbox 406 3095 565 3159; x_wconf 85' lang='lat' dir='ltr'><strong>Robertus</strong></span> <span class='ocrx_word' id='word_1_242' title='bbox 580 3094 666 3158; x_wconf 83' lang='lat' dir='ltr'><strong>filius</strong></span> <span class='ocrx_word' id='word_1_243' title='bbox 681 3093 809 3157; x_wconf 86' lang='lat' dir='ltr'><strong>Matild’</strong></span> <span class='ocrx_word' id='word_1_244' title='bbox 821 3093 1011 3176; x_wconf 69' lang='lat' dir='ltr'><strong>praepositus</strong></span> <span class='ocrx_word' id='word_1_245' title='bbox 1026 3098 1178 3159; x_wconf 85' lang='lat' dir='ltr'><strong>executor</strong></span> <span class='ocrx_word' id='word_1_246' title='bbox 1188 3093 1282 3157; x_wconf 87' lang='lat' dir='ltr'><strong>dictae</strong></span> <span class='ocrx_word' id='word_1_247' title='bbox 1293 3093 1445 3157; x_wconf 86' lang='lat' dir='ltr'><strong>Matildae</strong></span> 
     </span>
     <span class='ocr_line' id='line_1_29' title="bbox 306 3179 1445 3264; baseline 0.001 -22"><span class='ocrx_word' id='word_1_248' title='bbox 306 3179 482 3244; x_wconf 77' lang='lat' dir='ltr'><strong>satisfaciet</strong></span> <span class='ocrx_word' id='word_1_249' title='bbox 506 3181 583 3263; x_wconf 90' lang='lat' dir='ltr'><strong>quia</strong></span> <span class='ocrx_word' id='word_1_250' title='bbox 612 3184 765 3246; x_wconf 86' lang='lat' dir='ltr'><strong>executor</strong></span> <span class='ocrx_word' id='word_1_251' title='bbox 792 3179 834 3243; x_wconf 85' lang='lat' dir='ltr'><strong>ed</strong></span> <span class='ocrx_word' id='word_1_252' title='bbox 869 3180 1107 3263; x_wconf 87' lang='lat' dir='ltr'><strong>reparacionem</strong></span> <span class='ocrx_word' id='word_1_253' title='bbox 1143 3180 1223 3244; x_wconf 90' lang='lat' dir='ltr'><strong>dicti</strong></span> <span class='ocrx_word' id='word_1_254' title='bbox 1258 3180 1384 3264; x_wconf 86' lang='lat' dir='ltr'><strong>cotagii.</strong></span> <span class='ocrx_word' id='word_1_255' title='bbox 1399 3216 1445 3228; x_wconf 91' lang='lat'>—</span> 
     </span>
     <span class='ocr_line' id='line_1_30' title="bbox 306 3265 1444 3350; baseline 0.002 -22"><span class='ocrx_word' id='word_1_256' title='bbox 306 3265 472 3329; x_wconf 83' lang='lat' dir='ltr'><strong>Johennes</strong></span> <span class='ocrx_word' id='word_1_257' title='bbox 502 3266 644 3330; x_wconf 84' lang='lat' dir='ltr'><strong>Dowson</strong></span> <span class='ocrx_word' id='word_1_258' title='bbox 666 3267 758 3331; x_wconf 89' lang='lat' dir='ltr'><strong>venit</strong></span> <span class='ocrx_word' id='word_1_259' title='bbox 783 3267 820 3330; x_wconf 92' lang='lat' dir='ltr'><strong>in</strong></span> <span class='ocrx_word' id='word_1_260' title='bbox 841 3267 906 3330; x_wconf 66' lang='lat' dir='ltr'><strong>cur&#39;</strong></span> <span class='ocrx_word' id='word_1_261' title='bbox 929 3273 963 3331; x_wconf 93' lang='lat' dir='ltr'><strong>et</strong></span> <span class='ocrx_word' id='word_1_262' title='bbox 984 3267 1071 3350; x_wconf 90' lang='lat' dir='ltr'><strong>oepit</strong></span> <span class='ocrx_word' id='word_1_263' title='bbox 1095 3287 1199 3330; x_wconf 89' lang='lat' dir='ltr'><strong>unum</strong></span> <span class='ocrx_word' id='word_1_264' title='bbox 1219 3271 1444 3331; x_wconf 91' lang='lat' dir='ltr'><strong>tenementum</strong></span> 
     </span>
     <span class='ocr_line' id='line_1_31' title="bbox 307 3350 1444 3438; baseline 0.003 -24"><span class='ocrx_word' id='word_1_265' title='bbox 307 3355 341 3415; x_wconf 90' lang='lat' dir='ltr'><strong>et</strong></span> <span class='ocrx_word' id='word_1_266' title='bbox 366 3350 446 3432; x_wconf 84' lang='lat' dir='ltr'><strong>xviij</strong></span> <span class='ocrx_word' id='word_1_267' title='bbox 473 3370 562 3415; x_wconf 87' lang='lat' dir='ltr'><strong>acras</strong></span> <span class='ocrx_word' id='word_1_268' title='bbox 586 3357 681 3416; x_wconf 87' lang='lat' dir='ltr'><strong>terrae</strong></span> <span class='ocrx_word' id='word_1_269' title='bbox 706 3373 778 3435; x_wconf 82' lang='lat' dir='ltr'><strong>ques</strong></span> <span class='ocrx_word' id='word_1_270' title='bbox 803 3353 989 3417; x_wconf 87' lang='lat' dir='ltr'><strong>Willclmus</strong></span> <span class='ocrx_word' id='word_1_271' title='bbox 1015 3353 1056 3417; x_wconf 90' lang='lat' dir='ltr'><strong>de</strong></span> <span class='ocrx_word' id='word_1_272' title='bbox 1077 3354 1203 3418; x_wconf 86' lang='lat' dir='ltr'><strong>Norton</strong></span> <span class='ocrx_word' id='word_1_273' title='bbox 1221 3353 1331 3436; x_wconf 88' lang='lat' dir='ltr'><strong>junior</strong></span> <span class='ocrx_word' id='word_1_274' title='bbox 1351 3354 1444 3438; x_wconf 88' lang='lat' dir='ltr'><strong>prius</strong></span> 
     </span>
     <span class='ocr_line' id='line_1_32' title="bbox 305 3436 1446 3504; baseline 0.002 -3"><span class='ocrx_word' id='word_1_275' title='bbox 305 3437 431 3501; x_wconf 86' lang='lat' dir='ltr'><strong>tenuit:</strong></span> <span class='ocrx_word' id='word_1_276' title='bbox 453 3436 589 3501; x_wconf 88' lang='lat' dir='ltr'><strong>habend&#39;</strong></span> <span class='ocrx_word' id='word_1_277' title='bbox 604 3445 637 3502; x_wconf 90' lang='lat' dir='ltr'><strong>et</strong></span> <span class='ocrx_word' id='word_1_278' title='bbox 651 3439 780 3503; x_wconf 88' lang='lat' dir='ltr'><strong>tenend&#39;</strong></span> <span class='ocrx_word' id='word_1_279' title='bbox 794 3439 836 3502; x_wconf 85' lang='lat' dir='ltr'><strong>ed</strong></span> <span class='ocrx_word' id='word_1_280' title='bbox 855 3439 1056 3504; x_wconf 86' lang='lat' dir='ltr'><strong>voluntatem</strong></span> <span class='ocrx_word' id='word_1_281' title='bbox 1078 3440 1232 3504; x_wconf 91' lang='lat' dir='ltr'><strong>Domini:</strong></span> <span class='ocrx_word' id='word_1_282' title='bbox 1253 3440 1340 3504; x_wconf 88' lang='lat' dir='ltr'><strong>redd.</strong></span> <span class='ocrx_word' id='word_1_283' title='bbox 1357 3441 1446 3503; x_wconf 86' lang='lat' dir='ltr'><strong>enti·</strong></span> 
     </span>
     <span class='ocr_line' id='line_1_33' title="bbox 305 3522 1445 3610; baseline 0.003 -23"><span class='ocrx_word' id='word_1_284' title='bbox 305 3543 406 3608; x_wconf 88' lang='lat' dir='ltr'><strong>quam</strong></span> <span class='ocrx_word' id='word_1_285' title='bbox 419 3522 563 3587; x_wconf 85' lang='lat' dir='ltr'><strong>firmam:</strong></span> <span class='ocrx_word' id='word_1_286' title='bbox 585 3528 618 3588; x_wconf 90' lang='lat' dir='ltr'><strong>at</strong></span> <span class='ocrx_word' id='word_1_287' title='bbox 632 3523 778 3590; x_wconf 79' lang='lat' dir='ltr'><strong>iaciendo</strong></span> <span class='ocrx_word' id='word_1_288' title='bbox 793 3526 936 3591; x_wconf 91' lang='lat' dir='ltr'><strong>Domino</strong></span> <span class='ocrx_word' id='word_1_289' title='bbox 959 3532 993 3591; x_wconf 90' lang='lat' dir='ltr'><strong>et</strong></span> <span class='ocrx_word' id='word_1_290' title='bbox 1007 3527 1124 3591; x_wconf 87' lang='lat' dir='ltr'><strong>vicinis</strong></span> <span class='ocrx_word' id='word_1_291' title='bbox 1142 3547 1215 3610; x_wconf 76' lang='lat' dir='ltr'><strong>quse</strong></span> <span class='ocrx_word' id='word_1_292' title='bbox 1229 3526 1445 3590; x_wconf 63' lang='lat' dir='ltr'><strong>incumbunt}</strong></span> 
     </span>
     <span class='ocr_line' id='line_1_34' title="bbox 306 3609 1444 3697; baseline 0.003 -22"><span class='ocrx_word' id='word_1_293' title='bbox 306 3609 500 3694; x_wconf 90' lang='lat' dir='ltr'><strong>Incipiendo</strong></span> <span class='ocrx_word' id='word_1_294' title='bbox 515 3611 637 3677; x_wconf 89' lang='lat' dir='ltr'><strong>solvere</strong></span> <span class='ocrx_word' id='word_1_295' title='bbox 652 3611 693 3674; x_wconf 87' lang='lat' dir='ltr'><strong>ad</strong></span> <span class='ocrx_word' id='word_1_296' title='bbox 707 3612 827 3678; x_wconf 87' lang='lat' dir='ltr'><strong>festum</strong></span> <span class='ocrx_word' id='word_1_297' title='bbox 843 3613 934 3678; x_wconf 91' lang='lat' dir='ltr'><strong>Pent.</strong></span> <span class='ocrx_word' id='word_1_298' title='bbox 949 3633 1036 3677; x_wconf 89' lang='lat' dir='ltr'><strong>anno</strong></span> <span class='ocrx_word' id='word_1_299' title='bbox 1049 3613 1167 3697; x_wconf 69' lang='lat' dir='ltr'><strong>lxviijr.</strong></span> <span class='ocrx_word' id='word_1_300' title='bbox 1211 3614 1254 3677; x_wconf 85' lang='lat' dir='ltr'><strong>Et</strong></span> <span class='ocrx_word' id='word_1_301' title='bbox 1268 3613 1444 3696; x_wconf 74' lang='lat' dir='ltr'><strong>predictus</strong></span> 
     </span>
     <span class='ocr_line' id='line_1_35' title="bbox 305 3698 1445 3782; baseline 0.001 -19"><span class='ocrx_word' id='word_1_302' title='bbox 305 3698 329 3763; x_wconf 85' lang='lat' dir='ltr'><strong>J</strong></span> <span class='ocrx_word' id='word_1_303' title='bbox 331 3698 473 3763; x_wconf 88' lang='lat' dir='ltr'><strong>ohannes</strong></span> <span class='ocrx_word' id='word_1_304' title='bbox 506 3698 667 3782; x_wconf 85' lang='lat' dir='ltr'><strong>reparabit</strong></span> <span class='ocrx_word' id='word_1_305' title='bbox 699 3699 890 3782; x_wconf 85' lang='lat' dir='ltr'><strong>praedictum</strong></span> <span class='ocrx_word' id='word_1_306' title='bbox 919 3704 1142 3766; x_wconf 85' lang='lat' dir='ltr'><strong>tenementum</strong></span> <span class='ocrx_word' id='word_1_307' title='bbox 1177 3699 1375 3764; x_wconf 90' lang='lat' dir='ltr'><strong>sufficienter</strong></span> <span class='ocrx_word' id='word_1_308' title='bbox 1410 3707 1445 3764; x_wconf 90' lang='lat' dir='ltr'><strong>ct</strong></span> 
     </span>
     <span class='ocr_line' id='line_1_36' title="bbox 215 3784 1446 3870; baseline 0.001 -21"><span class='ocrx_word' id='word_1_309' title='bbox 215 3827 217 3832; x_wconf 83' lang='lat'><em>.</em></span> <span class='ocrx_word' id='word_1_310' title='bbox 305 3786 439 3851; x_wconf 87' lang='lat' dir='ltr'><strong>habebit</strong></span> <span class='ocrx_word' id='word_1_311' title='bbox 453 3787 486 3870; x_wconf 87' lang='lat' dir='ltr'><strong>vj</strong></span> <span class='ocrx_word' id='word_1_312' title='bbox 497 3807 520 3850; x_wconf 91' lang='lat' dir='ltr'><strong>s.</strong></span> <span class='ocrx_word' id='word_1_313' title='bbox 536 3785 594 3870; x_wconf 88' lang='lat' dir='ltr'><strong>viij</strong></span> <span class='ocrx_word' id='word_1_314' title='bbox 605 3785 633 3850; x_wconf 91' lang='lat' dir='ltr'><strong>d.</strong></span> <span class='ocrx_word' id='word_1_315' title='bbox 650 3784 691 3850; x_wconf 89' lang='lat' dir='ltr'><strong>ad</strong></span> <span class='ocrx_word' id='word_1_316' title='bbox 705 3787 942 3870; x_wconf 86' lang='lat' dir='ltr'><strong>reparaoioncm</strong></span> <span class='ocrx_word' id='word_1_317' title='bbox 958 3787 1039 3852; x_wconf 86' lang='lat' dir='ltr'><strong>dicti</strong></span> <span class='ocrx_word' id='word_1_318' title='bbox 1052 3787 1239 3854; x_wconf 88' lang='lat' dir='ltr'><strong>tenementi.</strong></span> <span class='ocrx_word' id='word_1_319' title='bbox 1282 3787 1327 3850; x_wconf 85' lang='lat' dir='ltr'><strong>Et</strong></span> <span class='ocrx_word' id='word_1_320' title='bbox 1340 3786 1446 3850; x_wconf 88' lang='lat' dir='ltr'><strong>eciam</strong></span> 
     </span>
     <span class='ocr_line' id='line_1_37' title="bbox 304 3872 1447 3958; baseline 0.001 -22"><span class='ocrx_word' id='word_1_321' title='bbox 304 3872 438 3937; x_wconf 88' lang='lat' dir='ltr'><strong>habebit</strong></span> <span class='ocrx_word' id='word_1_322' title='bbox 452 3874 493 3938; x_wconf 88' lang='lat' dir='ltr'><strong>cd</strong></span> <span class='ocrx_word' id='word_1_323' title='bbox 515 3873 775 3938; x_wconf 87' lang='lat' dir='ltr'><strong>emendacionem</strong></span> <span class='ocrx_word' id='word_1_324' title='bbox 797 3874 994 3939; x_wconf 91' lang='lat' dir='ltr'><strong>edificiorum</strong></span> <span class='ocrx_word' id='word_1_325' title='bbox 1017 3875 1146 3958; x_wconf 90' lang='lat' dir='ltr'><strong>dampn’</strong></span> <span class='ocrx_word' id='word_1_326' title='bbox 1168 3872 1371 3956; x_wconf 84' lang='lat' dir='ltr'><strong>adjudicand&#39;</strong></span> <span class='ocrx_word' id='word_1_327' title='bbox 1387 3894 1447 3956; x_wconf 90' lang='lat' dir='ltr'><strong>per</strong></span> 
     </span>
     <span class='ocr_line' id='line_1_38' title="bbox 302 3959 1446 4044; baseline 0.002 -21"><span class='ocrx_word' id='word_1_328' title='bbox 302 3959 366 4042; x_wconf 85' lang='lat' dir='ltr'><strong>jur’</strong></span> <span class='ocrx_word' id='word_1_329' title='bbox 377 3980 435 4043; x_wconf 91' lang='lat' dir='ltr'><strong>pro</strong></span> <span class='ocrx_word' id='word_1_330' title='bbox 449 3966 592 4044; x_wconf 90' lang='lat' dir='ltr'><strong>tempore</strong></span> <span class='ocrx_word' id='word_1_331' title='bbox 604 3959 697 4044; x_wconf 90' lang='lat' dir='ltr'><strong>[quo]</strong></span> <span class='ocrx_word' id='word_1_332' title='bbox 708 3960 894 4026; x_wconf 88' lang='lat' dir='ltr'><strong>Willelmus</strong></span> <span class='ocrx_word' id='word_1_333' title='bbox 905 3961 945 4026; x_wconf 91' lang='lat' dir='ltr'><strong>de</strong></span> <span class='ocrx_word' id='word_1_334' title='bbox 957 3962 1083 4027; x_wconf 88' lang='lat' dir='ltr'><strong>Norton</strong></span> <span class='ocrx_word' id='word_1_335' title='bbox 1094 3982 1132 4026; x_wconf 90' lang='lat' dir='ltr'><strong>ea</strong></span> <span class='ocrx_word' id='word_1_336' title='bbox 1143 3961 1258 4025; x_wconf 90' lang='lat' dir='ltr'><strong>tenuit.</strong></span> <span class='ocrx_word' id='word_1_337' title='bbox 1289 3960 1377 4044; x_wconf 61' lang='lat' dir='ltr'><strong>Plegd</strong></span> <span class='ocrx_word' id='word_1_338' title='bbox 1392 3997 1407 4008; x_wconf 93' lang='lat'>-</span> <span class='ocrx_word' id='word_1_339' title='bbox 1421 3997 1446 4025; x_wconf 91' lang='lat'><strong>-.</strong></span> 
     </span>
    </p>
   </div>
   <div class='ocr_carea' id='block_1_3' title="bbox 306 4129 1448 4390">
    <p class='ocr_par' dir='ltr' id='par_1_4' title="bbox 306 4129 1448 4390">
     <span class='ocr_line' id='line_1_39' title="bbox 353 4129 1448 4216; baseline 0.005 -24"><span class='ocrx_word' id='word_1_340' title='bbox 353 4132 446 4206; x_wconf 85' lang='grc'><strong>1367,</strong></span> <span class='ocrx_word' id='word_1_341' title='bbox 461 4129 698 4215; x_wconf 86' lang='lat' dir='ltr'><strong>I.—[Heading</strong></span> <span class='ocrx_word' id='word_1_342' title='bbox 718 4153 809 4216; x_wconf 84' lang='lat' dir='ltr'><strong>gone.</strong></span> <span class='ocrx_word' id='word_1_343' title='bbox 855 4133 1035 4199; x_wconf 85' lang='lat' dir='ltr'><strong>Stevenson</strong></span> <span class='ocrx_word' id='word_1_344' title='bbox 1055 4135 1165 4198; x_wconf 86' lang='lat' dir='ltr'><strong>marks</strong></span> <span class='ocrx_word' id='word_1_345' title='bbox 1187 4133 1255 4198; x_wconf 89' lang='lat' dir='ltr'><strong>this</strong></span> <span class='ocrx_word' id='word_1_346' title='bbox 1269 4131 1333 4196; x_wconf 89' lang='lat' dir='ltr'><strong>mll</strong></span> <span class='ocrx_word' id='word_1_347' title='bbox 1350 4135 1448 4209; x_wconf 82' lang='grc'><strong>1367,</strong></span> 
     </span>
     <span class='ocr_line' id='line_1_40' title="bbox 306 4214 1445 4304; baseline 0.003 -23"><span class='ocrx_word' id='word_1_348' title='bbox 306 4216 372 4282; x_wconf 86' lang='lat' dir='ltr'><strong>and</strong></span> <span class='ocrx_word' id='word_1_349' title='bbox 385 4216 442 4280; x_wconf 90' lang='lat' dir='ltr'><strong>the</strong></span> <span class='ocrx_word' id='word_1_350' title='bbox 457 4214 599 4279; x_wconf 86' lang='lat' dir='ltr'><strong>internel</strong></span> <span class='ocrx_word' id='word_1_351' title='bbox 613 4218 767 4283; x_wconf 88' lang='lat' dir='ltr'><strong>evidence</strong></span> <span class='ocrx_word' id='word_1_352' title='bbox 791 4239 909 4304; x_wconf 86' lang='lat' dir='ltr'><strong>agrees.</strong></span> <span class='ocrx_word' id='word_1_353' title='bbox 955 4219 1023 4285; x_wconf 87' lang='lat' dir='ltr'><strong>The</strong></span> <span class='ocrx_word' id='word_1_354' title='bbox 1044 4221 1122 4286; x_wconf 88' lang='lat' dir='ltr'><strong>rolla</strong></span> <span class='ocrx_word' id='word_1_355' title='bbox 1145 4220 1180 4285; x_wconf 80' lang='lat' dir='ltr'><strong>of</strong></span> <span class='ocrx_word' id='word_1_356' title='bbox 1199 4219 1266 4285; x_wconf 89' lang='lat' dir='ltr'><strong>this</strong></span> <span class='ocrx_word' id='word_1_357' title='bbox 1288 4240 1367 4304; x_wconf 86' lang='lat' dir='ltr'><strong>year</strong></span> <span class='ocrx_word' id='word_1_358' title='bbox 1389 4241 1445 4284; x_wconf 91' lang='lat' dir='ltr'><strong>are</strong></span> 
     </span>
     <span class='ocr_line' id='line_1_41' title="bbox 306 4301 952 4390; baseline 0.003 -20"><span class='ocrx_word' id='word_1_359' title='bbox 306 4303 424 4388; x_wconf 90' lang='lat' dir='ltr'><strong>deeply</strong></span> <span class='ocrx_word' id='word_1_360' title='bbox 438 4301 566 4384; x_wconf 89' lang='lat' dir='ltr'><strong>injured</strong></span> <span class='ocrx_word' id='word_1_361' title='bbox 579 4302 625 4386; x_wconf 91' lang='lat' dir='ltr'><strong>by</strong></span> <span class='ocrx_word' id='word_1_362' title='bbox 639 4323 727 4368; x_wconf 92' lang='lat' dir='ltr'><strong>some</strong></span> <span class='ocrx_word' id='word_1_363' title='bbox 742 4307 952 4390; x_wconf 83' lang='lat' dir='ltr'><strong>occurrence]</strong></span> 
     </span>
    </p>
   </div>
   <div class='ocr_carea' id='block_1_4' title="bbox 304 4389 1447 4651">
    <p class='ocr_par' dir='ltr' id='par_1_5' title="bbox 304 4389 1447 4651">
     <span class='ocr_line' id='line_1_42' title="bbox 321 4389 1447 4493; baseline 0.003 -40"><span class='ocrx_word' id='word_1_364' title='bbox 321 4479 328 4493; x_wconf 89' lang='lat'><strong>.</strong></span> <span class='ocrx_word' id='word_1_365' title='bbox 350 4441 357 4458; x_wconf 90' lang='lat'><strong>.</strong></span> <span class='ocrx_word' id='word_1_366' title='bbox 381 4439 389 4458; x_wconf 86' lang='lat'><strong>.</strong></span> <span class='ocrx_word' id='word_1_367' title='bbox 412 4439 419 4455; x_wconf 93' lang='lat'><strong>.</strong></span> <span class='ocrx_word' id='word_1_368' title='bbox 438 4389 566 4474; x_wconf 90' lang='lat' dir='ltr'><strong>juniore</strong></span> <span class='ocrx_word' id='word_1_369' title='bbox 586 4395 619 4454; x_wconf 91' lang='lat' dir='ltr'><strong>et</strong></span> <span class='ocrx_word' id='word_1_370' title='bbox 633 4390 656 4455; x_wconf 83' lang='lat' dir='ltr'>J</span> <span class='ocrx_word' id='word_1_371' title='bbox 658 4389 786 4457; x_wconf 86' lang='lat' dir='ltr'><strong>cherma</strong></span> <span class='ocrx_word' id='word_1_372' title='bbox 806 4392 924 4458; x_wconf 87' lang='lat' dir='ltr'><strong>ancilla</strong></span> <span class='ocrx_word' id='word_1_373' title='bbox 946 4392 1083 4458; x_wconf 88' lang='lat' dir='ltr'><strong>manerii</strong></span> <span class='ocrx_word' id='word_1_374' title='bbox 1103 4414 1160 4478; x_wconf 92' lang='lat' dir='ltr'><strong>pro</strong></span> <span class='ocrx_word' id='word_1_375' title='bbox 1181 4394 1279 4480; x_wconf 78' lang='lat' dir='ltr'><strong>lepre,</strong></span> <span class='ocrx_word' id='word_1_376' title='bbox 1302 4394 1343 4459; x_wconf 91' lang='lat' dir='ltr'><strong>de</strong></span> <span class='ocrx_word' id='word_1_377' title='bbox 1364 4413 1447 4476; x_wconf 91' lang='lat' dir='ltr'><strong>qua-</strong></span> 
     </span>
     <span class='ocr_line' id='line_1_43' title="bbox 304 4477 1139 4651; baseline 0 -19"><span class='ocrx_word' id='word_1_378' title='bbox 304 4479 387 4632; x_wconf 38' lang='lat' dir='ltr'><strong>hbii</strong></span> <span class='ocrx_word' id='word_1_379' title='bbox 403 4477 598 4648; x_wconf 36' lang='lat' dir='ltr'><strong>dehnltssgdm,</strong></span> <span class='ocrx_word' id='word_1_380' title='bbox 613 4569 704 4630; x_wconf 86' lang='lat' dir='ltr'><strong>extra</strong></span> <span class='ocrx_word' id='word_1_381' title='bbox 717 4585 866 4648; x_wconf 84' lang='lat' dir='ltr'><strong>porceras</strong></span> <span class='ocrx_word' id='word_1_382' title='bbox 880 4567 941 4631; x_wconf 90' lang='lat' dir='ltr'><strong>sub</strong></span> <span class='ocrx_word' id='word_1_383' title='bbox 955 4587 1052 4651; x_wconf 86' lang='lat' dir='ltr'><strong>poena</strong></span> <span class='ocrx_word' id='word_1_384' title='bbox 1067 4567 1139 4632; x_wconf 87' lang='lat' dir='ltr'><strong>40d.</strong></span> 
     </span>
    </p>
   </div>
   <div class='ocr_carea' id='block_1_5' title="bbox 0 0 1644 5204">
    <p class='ocr_par' dir='ltr' id='par_1_6' title="bbox 0 0 1644 5204">
     <span class='ocr_line' id='line_1_44' title="bbox 0 0 1644 5204; baseline 0 0"><span class='ocrx_word' id='word_1_385' title='bbox 0 0 1644 5204; x_wconf 95' lang='lat' dir='ltr'><strong> </strong></span> 
     </span>
    </p>
   </div>
  </div>
 </body>
</html>
