3056 5222
89 552 185 610 1358.
351 561 511 611 HALMOTA
526 563 709 612 PRIORATUS
724 561 965 610 DUNELMENSIS.
1188 549 1227 607 25

87 719 179 802 quod
208 719 252 783 sit
282 719 323 782 ad
351 719 487 784 liberam
516 719 639 784 auriam
668 719 708 782 ad
731 719 989 803 respondendum
1019 717 1160 781 Domino
1190 717 1230 781 (16

87 805 242 889 dampnis
268 806 364 870 factis
390 807 426 869 in
449 807 551 890 pratis
578 807 674 870 suis.
699 854 705 870 .
729 855 736 871 .
759 806 974 889 innpingnare
999 804 1231 868 voluit-De

86 893 257 956 Willeimo
273 893 445 975 Sohiphird
460 914 517 976 pro
529 892 781 976 transgressione
796 893 881 956 faota
895 893 931 955 in
942 891 1059 955 averiis
1070 892 1092 956 J
1094 890 1230 954 ohannis

89 980 196 1062 Gryse
212 979 253 1042 ad
268 979 445 1062 dampnum
460 981 490 1062 vj
508 980 677 1062 garbarum
691 999 749 1062 pro
764 979 885 1043 bident’
908 1027 914 1042 .
938 1027 945 1042 .
969 1027 975 1042 .

134 1067 258 1129 Aoum.
304 1068 354 1130 De
376 1087 475 1130 uxore
490 1066 650 1130 Willelmi
673 1066 836 1148 Husshep,
851 1064 958 1128 Alicio
979 1063 1040 1126 filii
1061 1062 1231 1138 «Iohannis,

89 1152 209 1214 Emma
224 1152 347 1229 Souter‚
362 1153 385 1216 J
386 1154 514 1216 ohanna
529 1153 582 1216 del
598 1152 711 1228 016666,
724 1158 756 1216 66
772 1151 886 1217 Sibilla
901 1151 940 1215 de
956 1150 1087 1233 Bewyk‚
1103 1149 1231 1214 Matild’

90 1239 147 1302 del
168 1288 174 1302 .
199 1289 206 1302 .
229 1288 236 1303 .
260 1239 299 1303 de
315 1239 460 1322 qualibet
475 1260 587 1303 eorum
601 1259 659 1322 pro
675 1240 775 1304 assisa
790 1237 932 1303 cervisiae
947 1237 1047 1302 166666
1065 1237 1113 1301 od.

140 1417 233 1474 1358.
261 1411 453 1494 III.-[The
478 1413 572 1476 inner
597 1411 658 1476 6611
684 1412 720 1476 61
745 1412 801 1476 the
827 1411 926 1487 three,
952 1409 1128 1494 beginning
1151 1409 1231 1473 with

90 1498 290 1574 Walleseud,
305 1499 369 1561 and
385 1499 542 1562 therefore
557 1499 715 1582 probably
728 1498 858 1582 perfect,
874 1498 933 1561 but
947 1496 1117 1580 headless.]

136 1585 341 1648 Marianos.
397 1587 448 1648 De
474 1585 610 1650 Juliana
635 1585 703 1648 filia
728 1585 888 1650 Johannis
911 1584 971 1646 filii
992 1583 1152 1647 Willelmi
1173 1604 1231 1666 pro

91 1671 154 1734 leir
176 1678 251 1734 ante
273 1673 395 1735 curiam
416 1672 671 1755 praecedentem:
697 1672 782 1754 Pleg.
799 1671 966 1735 Willelmo
988 1670 1102 1747 Τ61166,
1127 1670 1231 1734 od.-

90 1758 144 1820 De
160 1758 182 1822 J
184 1756 309 1821 ohanne
325 1758 365 1822 de
376 1759 536 1841 Angirtou
547 1759 623 1841 quia
637 1759 733 1842 fregit
747 1758 893 1822 clausum
904 1756 1039 1820 Domini
1050 1763 1083 1820 66
1097 1757 1232 1820 16666616

90 1864 226 1926 parcum
248 1845 391 1920 Domini,
411 1853 444 1908 66
466 1845 604 1909 suooidit
625 1867 693 1908 xxx
713 1845 873 1928 juvennes
896 1843 1021 1906 arbores
1044 1843 1084 1906 (16
1106 1842 1232 1906 fraxino

91 1979 98 1994 .
123 1979 130 1993 .
155 1979 162 1993 .
186 1950 305 2012 quercu
326 1936 423 2013 prout
444 1932 566 1995 fatetur
587 1932 641 1995 hio
663 1931 699 1994 in
725 1931 869 1995 6661666
894 1929 981 1993 undo
1006 1928 1116 2011 posuit
1138 1949 1172 1992 66
1195 1929 1232 1992 16

90 2016 201 2099 gracia
215 2017 368 2081 Domini:
391 2018 477 2101 Pleg.
493 2017 643 2082 Johanne
658 2019 798 2082 Debson.
822 2067 828 2082 .
852 2066 859 2082 .
883 2065 890 2080 .

139 2103 274 2167 Sumus.
319 2104 475 2168 Ricardus
501 2105 541 2168 de
565 2104 696 2168 Burden
720 2104 806 2187 oepit
831 2123 933 2166 unum
959 2100 1119 2185 ootagium
1146 2101 1232 2184 quod

90 2189 159 2252 fuit
178 2190 202 2254 J
203 2189 339 2253 ohannis
354 2192 376 2254 J
378 2211 465 2254 ames
485 2196 518 2255 et
534 2191 621 2274 quod
639 2196 769 2274 captum
792 2196 842 2255 666
862 2189 898 2252 16
920 2210 1019 2252 manu
1040 2188 1175 2252 Domini
1195 2209 1232 2252 6ο

90 2276 183 2358 quod
208 2277 375 2341 Johanues
400 2278 591 2361 praedictum
613 2277 774 2360 ootagium
800 2276 933 2359 reliquit
955 2280 1085 2340 vastum
1110 2276 1233 2359 absque

90 2362 258 2426 solucione
285 2364 386 2426 firmae
414 2384 472 2446 per
500 2385 603 2427 unum
632 2384 755 2427 annum
784 2369 817 2427 66
846 2362 1006 2445 amplius:
1034 2361 1169 2426 haband.
1200 2369 1234 2425 66

89 2449 223 2512 tenend.
239 2448 279 2512 ad
300 2458 390 2513 6666.
405 2451 483 2514 vitae
497 2471 581 2514 suae:
603 2451 688 2514 redd.
705 2449 869 2532 antiquam
894 2449 1019 2512 firmam
1033 2454 1067 2512 66
1087 2448 1233 2512 faciendo

92 2535 185 2618 [666]
229 2536 369 2619 Incipiet
399 2537 521 2601 solvere
550 2537 675 2600 firmam
705 2536 746 2599 ad
775 2536 895 2600 festum
925 2536 1020 2599 Mart.
1047 2555 1131 2598 anno
1155 2533 1233 2598 Dni.

90 2621 268 2685 millesimo
283 2623 429 2686 noemin.
446 2622 566 2687 G's'ma
583 2629 625 2687 56.
671 2623 828 2705 [Observa
843 2622 899 2686 the
913 2621 1012 2705 year]

139 2709 380 2773 BYLLYNGHAM.
424 2711 474 2774 De
486 2711 508 2773 J
510 2710 637 2773 ohanna
646 2709 804 2792 Hardgill,
813 2707 919 2772 Alioia
931 2708 983 2772 (161
997 2709 1108 2783 Toron,
1119 2708 1235 2771 Emma

91 2794 149 2858 (161
172 2795 333 2872 Penrawe‚
347 2796 463 2860 Emma
485 2797 579 2879 Only,
597 2796 836 2871 braciatoribus‚
858 2795 935 2878 quia
957 2794 1074 2858 nolunt
1096 2794 1234 2857 vendere

91 2888 188 2944 extra
203 2881 334 2945 domum
347 2882 477 2964 quando
493 2883 684 2947 habuerint:
708 2887 739 2946 et
755 2882 858 2946 eciam
873 2882 950 2965 quia
963 2881 1077 2964 lagena
1091 2880 1234 2943 666616166

92 2973 188 3031 extra
198 2967 328 3031 domum
338 2969 471 3032 vendita
482 2990 539 3053 pro
550 2970 596 3053 jd.
609 2990 675 3032 non
685 2969 773 3032 valet
784 2969 834 3032 ob.
846 2991 853 3030 ι
875 2973 908 3032 et
922 2968 1023 3030 661666
1034 2965 1111 3050 quia
1121 2965 1235 3049 lagena

93 3055 209 3137 (quam
223 3054 404 3138 1666611666)
423 3056 507 3119 infra
525 3056 657 3119 domum
671 3055 818 3118 vendunt
832 3074 889 3136 pro
901 3054 947 3136 jd.
963 3053 1022 3128 ob.,
1037 3058 1133 3135 prout
1147 3072 1233 3116 oom-

91 3146 225 3223 pertum
240 3149 289 3204 666
304 3162 360 3224 per
371 3143 443 3224 jur,
457 3143 493 3204 in
508 3162 588 3224 quos
605 3162 639 3206 66
653 3148 840 3224 posuerunt,
855 3141 895 3203 (16
910 3138 1056 3223 quolibet
1072 3144 1115 3202 26.

139 3227 442 3292 Ν66666-Β66666.
488 3228 679 3312 Injunotum
699 3233 748 3292 666
770 3227 918 3290 omnibus
939 3226 1124 3289 tenentibus
1147 3223 1234 3288 villae

93 3333 138 3376 ne
163 3313 237 3395 quis
263 3334 373 3377 eorum
394 3319 499 3378 mutet
514 3321 631 3379 terram
654 3335 746 3378 suam
768 3334 842 3378 oum
864 3313 927 3377 6116
950 3313 1014 3376 6161
1036 3333 1076 3376 ex
1099 3311 1235 3376 lioenoia

92 3399 193 3463 ouriae
208 3401 268 3463 sub
283 3421 378 3482 poena
395 3406 438 3465 66.
457 3400 506 3465 8d.

140 3486 322 3550 Huslunun.
367 3487 533 3551 Giibertus
548 3487 634 3566 filius
646 3485 805 3551 Willelmi
816 3486 855 3550 de
867 3485 1025 3550 Hesildeu
1036 3485 1122 3568 oepit
1132 3505 1234 3548 unum

92 3572 292 3655 bondagium
307 3574 469 3656 quondam
484 3575 519 3636 in
534 3580 649 3638 tenura
663 3573 831 3637 Eustachii
846 3573 885 3637 de
908 3572 1082 3636 Hesilden:
1105 3571 1233 3636 tenend.

93 3661 137 3723 ad
153 3659 355 3723 voluntatem
377 3661 530 3724 Domini:
551 3660 638 3724 redd.
660 3661 763 3743 primo
786 3680 870 3722 6666
897 3665 960 3722 186.
976 3659 1018 3722 ad
1040 3659 1234 3722 soaooarium

93 3745 216 3808 Prioris
239 3750 272 3808 66
293 3753 461 3829 argentum
483 3746 617 3810 Ternarii
639 3755 672 3810 66
693 3752 804 3829 postea
819 3746 964 3828 quolibet
985 3765 1069 3808 anno
1084 3745 1126 3807 ad
1148 3765 1234 3808 6666-

94 3833 220 3895 carium
245 3837 309 3895 106.
332 3840 366 3896 66
386 3839 553 3916 argentum
575 3833 710 3896 Ternarii
736 3853 902 3916 quousque
928 3831 1010 3894 alius
1032 3831 1157 3894 venerit
1178 3829 1235 3913 qui

94 3919 173 4000 plus
195 3938 253 4000 pro
279 3919 366 3982 diota
387 3925 471 3983 terra
492 3919 546 3983 661
567 3919 734 4002 antiquam
757 3919 881 3981 firmam
905 3917 979 3981 dare
1001 3917 1147 3981 voluerit.
1191 3918 1236 3980 Et

94 4005 258 4087 reparabit
273 4010 306 4068 66
322 4006 517 4069 sustentabit
531 4006 666 4070 aedificia
681 4004 762 4068 dioti
776 4004 929 4089 bondagii
950 4005 986 4067 in
1006 4010 1094 4067 statu
1110 4025 1234 4087 compe-

95 4091 181 4154 tenti
195 4092 351 4172 quamdiu
366 4092 489 4156 dictum
504 4092 699 4175 bondagium
714 4091 861 4155 tenuerit.
906 4091 949 4153 Et
962 4090 1097 4173 incipiet
1113 4091 1236 4155 solvere

95 4178 222 4240 firmam
237 4179 278 4240 ad
301 4180 391 4242 Pent.
414 4194 475 4242 66.
500 4184 567 4256 666,
590 4178 795 4261 sexagesimo.
840 4178 883 4240 Et
905 4177 1111 4240 lioenoiatnm
1134 4182 1183 4241 est
1205 4178 1235 4240 oi

95 4284 153 4345 per
164 4265 344 4327 Terrarium
355 4265 512 4328 seminare
523 4265 603 4329 duas
614 4284 702 4329 66666
718 4264 757 4328 (16
768 4264 920 4347 praedicta
934 4269 1017 4327 66666
1029 4284 1103 4328 oum
1115 4263 1236 4326 semine

96 4350 221 4414 vernali
242 4352 348 4414 medio
364 4357 514 4434 tempore.
558 4353 602 4415 Et
616 4353 644 4415 si
666 4350 773 4433 plures
796 4371 883 4414 66666
906 4351 1111 4414 seminaverit
1132 4349 1236 4413 661666

96 4456 152 4518 pro
169 4436 290 4500 eisdem
304 4459 361 4520 pro
377 4438 558 4520 quantitate
580 4437 754 4501 earundem
769 4437 810 4500 ad
831 4438 914 4501 festa
936 4438 1027 4502 Pent.
1043 4442 1075 4500 66
1099 4435 1235 4498 Μ666161

96 4540 157 4586 ao.
175 4528 234 4587 666.
250 4524 306 4588 lix.
323 4525 410 4608 Pleg.
428 4524 517 4608 [666]
