3224 5212
160 537 258 598 1382.
428 549 587 598 Hammona
602 549 784 599 aswaldus
799 549 1040 600 nuansunasls.
1241 539 1301 601 173

158 713 197 771 et
220 706 283 771 sub
306 706 373 771 ead.
397 726 502 790 poena,
523 709 547 772 J
549 707 599 772 oh.
623 706 663 772 de
692 709 803 772 Jarow
825 715 858 773 et
880 708 958 792 Rog.
981 707 1021 774 de
1044 709 1303 776 Lamon—Dies

159 794 228 859 dat
244 798 295 858 est
309 793 383 858 Jon
400 793 441 859 de
455 793 607 858 Dunelm.
624 794 665 858 ad
687 795 821 860 faciend.
836 794 941 878 legem
956 816 1047 859 suam
1070 797 1111 860 ad
1125 817 1214 879 prox.
1238 818 1303 864 cur.

159 881 204 945 de
226 901 265 946 eo
280 881 367 964 quod
386 901 452 944 non
466 881 616 966 promisit
630 880 718 946 Will.
734 881 777 946 fil.
793 881 951 966 Stephani
972 883 995 966 ij
1019 882 1116 947 boves
1139 904 1196 967 per
1213 885 1228 968 j
1251 905 1302 950 an.

159 968 205 1032 ad
220 966 330 1036 stand.
345 974 419 1032 terr.
435 968 476 1033 de
495 989 580 1032 novo
595 974 689 1052 capt,
704 967 763 1034 ult
787 969 822 1032 in
848 975 912 1034 ten
939 969 962 1033 J
963 969 1013 1033 oh.
1030 969 1070 1033 de
1085 970 1247 1049 Dunelm.,
1270 978 1304 1036 et

158 1055 267 1119 eciam
289 1055 376 1139 quod
398 1061 468 1119 arat
490 1052 561 1142 [sio]
583 1061 657 1122 terr.
680 1055 776 1140 praed
799 1055 902 1120 Willi.
918 1056 1000 1121 citra
1016 1056 1087 1121 fest.
1104 1057 1134 1122 S.
1151 1058 1240 1122 Petri
1261 1058 1303 1124 ad

159 1141 306 1207 Vincula
321 1142 419 1227 (Aug.
438 1143 471 1226 1)
485 1163 574 1226 prosc
591 1142 661 1218 fut,
676 1144 738 1208 sub
753 1163 849 1226 poena
864 1142 938 1208 xld

206 1230 449 1294 Wanuucsoa.
494 1229 685 1312 injunctum
707 1235 757 1294 est
778 1230 930 1294 omnibus
950 1237 1015 1295 ten.
1032 1229 1119 1294 villae
1134 1237 1168 1295 et
1181 1230 1303 1296 villatas

160 1316 203 1381 de
230 1315 452 1393 Walleshend,
469 1317 556 1400 quod
579 1336 645 1380 non
672 1315 797 1382 molant
822 1317 901 1382 alibi
926 1337 1024 1401 quam
1040 1318 1082 1382 ad
1107 1317 1245 1384 molend.
1262 1319 1303 1384 de

160 1403 387 1480 Walleshend,
402 1404 463 1468 sub
478 1423 574 1487 poena
589 1403 632 1469 di.
650 1424 773 1468 marcae.

205 1491 393 1556 Hnwonnn.
437 1490 489 1555 Da
511 1490 652 1555 Matilda
673 1511 774 1556 uxore
795 1491 927 1555 Thomas
948 1489 1064 1556 Fische
1086 1492 1143 1576 qui
1165 1492 1303 1557 succidit

161 1577 267 1660 sirpos
282 1577 334 1660 (=
350 1579 419 1642 boat
433 1597 469 1641 or
483 1577 580 1660 beata)
599 1585 710 1642 contra
732 1597 862 1662 poenam
883 1578 1031 1662 positam,
1045 1579 1130 1642 infra
1144 1599 1303 1664 campum,

160 1670 259 1748 prout
274 1671 425 1749 compert
442 1672 500 1741 est,
515 1665 556 1729 de
570 1685 666 1747 poena
681 1665 716 1728 xl
725 1666 755 1730 d.

205 1751 362 1816 Hannon.
407 1752 459 1816 De
480 1751 603 1816 Thoma
618 1752 658 1815 de
673 1752 707 1814 N
707 1757 806 1816 euton
821 1757 849 1814 ct
863 1753 913 1816 sio
927 1751 1027 1815 others
1048 1752 1125 1836 quia
1147 1761 1302 1834 ceperunt

161 1838 266 1902 cabul
283 1845 318 1904 et
332 1838 397 1903 alia
418 1839 596 1903 necessaria
614 1839 628 1922 j
645 1838 738 1903 navis
760 1840 871 1902 fractae
894 1839 964 1903 sine
988 1838 1041 1903 lio.
1063 1839 1138 1903 Joh.
1154 1838 1302 1923 Godwyn

161 1926 334 1991 servientis
346 1925 490 2001 manerii,
499 1924 539 1990 de
549 1945 645 2009 poena
653 1926 805 2009 imosita
815 1926 850 1989 xl
859 1926 889 1990 d.
926 1925 971 1988 Et
981 1925 1165 2008 injunctum
1175 1933 1225 1990 est
1235 1946 1302 1990 om·

159 2013 259 2077 nibus
274 2019 339 2078 ten.
351 2012 439 2076 villae
454 2012 541 2096 quod
556 2012 667 2077 nullus
683 2033 793 2077 eorum
810 2013 931 2076 faciant
946 2012 1070 2095 aliquid
1081 2013 1302 2096 magisterium

159 2099 248 2163 infra
262 2099 454 2176 dominium,
468 2099 497 2163 si
511 2099 621 2183 aliqua
635 2100 729 2164 navis
744 2101 787 2163 sit
801 2100 912 2176 fracta,
922 2119 982 2164 nec
995 2099 1082 2183 quod
1097 2109 1303 2164 ammoveant

160 2187 265 2254 cabul.
282 2207 343 2251 nec
357 2186 468 2270 aliqua
483 2185 547 2250 alia
567 2186 747 2251 necessaria
771 2187 841 2251 sine
867 2186 918 2251 lio.
941 2186 1025 2250 dom.
1051 2185 1102 2251 vel
1124 2187 1303 2263 servientis,

160 2275 222 2338 sub
238 2294 336 2357 poena
350 2272 499 2338 cs.-De
514 2273 624 2338 Adam
646 2274 757 2338 Carter
779 2279 812 2337 et
824 2275 906 2356 four
920 2275 1020 2338 others
1042 2273 1119 2357 quia
1140 2293 1236 2338 canes
1251 2274 1303 2338 sui

160 2366 391 2445 pugnaverunt
404 2380 531 2444 gregem
545 2366 689 2444 tempore
700 2360 939 2444 angnelacionis
952 2360 1124 2444 [apacllaro
1139 2390 1169 2415 =
1184 2382 1304 2443 apuam

154 2469 323 2532 procreare
333 2448 389 2512 Du
398 2444 576 2532 Gange]‚ad
585 2468 681 2532 grave
690 2447 868 2531 dampnum
878 2447 971 2523 dom,
981 2448 1149 2512 maoiando
1158 2449 1193 2532 iij
1205 2468 1304 2533 agnos

160 2555 245 2619 prec.
261 2535 342 2618 xviij
360 2534 399 2611 d.,
414 2534 455 2598 de
470 2534 623 2617 quolibet,
638 2533 679 2599 de
694 2535 769 2598 m'ia
784 2535 816 2618 vj
828 2535 857 2598 d.

206 2623 363 2687 Senatus,
406 2622 459 2686 De
472 2621 579 2686 Alicia
594 2622 686 2686 Leoli
699 2642 758 2704 pro
769 2622 783 2705 j
801 2620 887 2686 scala
902 2620 1034 2686 detenta
1049 2621 1127 2686 Rob.
1151 2621 1248 2686 Swan
1263 2623 1303 2686 de

161 2709 220 2793 xiij
237 2730 353 2793 ronges
368 2729 451 2792 pree
467 2729 490 2772 x
500 2708 539 2787 d.,
555 2707 596 2774 de
610 2709 686 2773 m'ia
700 2710 733 2792 vj
747 2709 777 2775 d.

206 2975 300 3033 1382.
325 2968 515 3052 II.-Apud
536 2969 727 3033 Wolveston
742 2968 795 3032 die
811 2969 911 3033 Lunae
926 2989 1013 3051 prox.
1028 2975 1103 3051 post
1121 2968 1192 3032 fest.
1212 2970 1302 3033 Wol-

160 3057 236 3120 fridi
259 3057 413 3140 Episcopi
428 3076 535 3120 coram
558 3056 698 3120 dominis
720 3056 843 3119 Thoma
859 3056 899 3119 de
915 3055 1054 3139 Corbrig,
1072 3055 1164 3131 burs,
1180 3056 1302 3120 Thoma

160 3144 201 3208 de
217 3144 367 3219 Olaxton,
381 3163 456 3218 sen,
471 3143 545 3209 doh.
562 3143 602 3208 de
616 3143 714 3207 Elvet
729 3148 763 3206 et
777 3144 849 3207 aliis
866 3143 901 3226 [o
911 3144 1039 3225 portion
1054 3144 1093 3225 of
1102 3143 1151 3206 tlte
1166 3144 1302 3226 leadinp

158 3232 188 3294 is
203 3231 344 3315 daooyed,
359 3231 412 3293 bot
427 3231 475 3294 tte
489 3251 566 3314 year
580 3250 714 3313 appears
720 3231 812 3312 from
828 3231 877 3292 tlte
891 3230 1100 3293 todorscmcot
1114 3230 1153 3292 a'o
1167 3252 1189 3294 a
1204 3231 1303 3294 oocoal

203 3317 349 3468 fficiam
375 3419 512 3467 alnunw.
558 3404 609 3468 De
635 3403 818 3486 Margareta
843 3402 882 3466 de
913 3403 1053 3480 Marton,
1074 3404 1151 3488 quia
1173 3405 1302 3488 collegit

162 3490 245 3557 bled
265 3492 352 3554 infra
372 3490 403 3556 le
425 3491 515 3554 stoks
538 3499 650 3554 contra
673 3490 910 3554 defens-De
925 3491 1015 3556 Will.
1038 3490 1187 3574 Raynald
1208 3512 1267 3576 pro
1285 3493 1299 3574 j

162 3587 371 3662 purprestura
386 3578 473 3642 facta
488 3577 644 3660 capiendo
658 3577 780 3660 gravell
801 3597 859 3660 pro
874 3578 1101 3642 emendacione
1124 3585 1216 3642 terrae
1234 3599 1301 3642 suae

163 3666 200 3729 ad
218 3684 381 3729 summam
395 3665 431 3728 xl
447 3664 581 3738 luthera,
595 3664 617 3747 ij
630 3685 652 3728 s.

206 3754 441 3816 BILLYNGHAM.
485 3751 537 3815 De
560 3751 695 3814 Betonia
717 3750 835 3814 ancilla
858 3750 925 3816 Ric.
941 3751 1075 3814 Walker
1095 3771 1153 3833 pro
1175 3750 1300 3814 insultu

163 3840 248 3904 facto
275 3840 436 3903 Johannae
461 3838 555 3902 uxori
578 3838 708 3902 Thomae
735 3837 901 3920 Miryman
924 3837 1087 3920 usquead
1111 3836 1300 3900 effusionem

163 3926 339 4010 sanguinis,
361 3927 466 4008 ipsam
487 3925 684 3988 verberando
711 3925 745 3988 xl
758 3924 905 3988 d-De
929 3924 997 3988 Rio.
1024 3923 1166 4000 Walker,
1193 3924 1301 3988 Alicia

163 4034 263 4077 uxore
278 4014 358 4096 ejus,
372 4012 509 4076 Betonia
523 4011 642 4075 ancilla
656 4011 751 4094 praed.
769 4012 836 4076 Rio.
853 4032 911 4095 pro
926 4018 1022 4074 trans.
1038 4011 1126 4075 facta
1139 4011 1162 4074 J
1164 4010 1300 4076 ohaunae

163 4101 273 4164 uxoris
295 4099 366 4185 [aio]
388 4099 519 4163 Thomas
533 4098 700 4182 Miryman
721 4098 763 4162 ad
785 4099 892 4181 damp.
907 4098 1009 4181 ipsius
1030 4098 1191 4162 Johannae
1212 4121 1258 4164 xx
1268 4121 1302 4176 s,

162 4194 259 4271 prout
274 4192 475 4270 compertum
489 4192 539 4249 est
553 4205 612 4269 per
625 4185 752 4268 inquis,
767 4185 847 4268 xviij
858 4185 983 4249 d.-De
998 4185 1121 4249 Thoma
1136 4186 1301 4270 Miryman

162 4274 239 4357 quia
264 4273 447 4338 verberavit
468 4272 620 4337 ancillam
638 4272 705 4336 Ric.
723 4272 866 4347 Wslker,
891 4293 948 4355 per
970 4273 1056 4355 quod
1079 4273 1210 4336 admisit
1231 4274 1301 4356 [sio]

162 4361 304 4425 officium
315 4381 411 4426 suum
420 4380 477 4443 per
487 4360 510 4443 ij
523 4360 720 4443 septimanas
729 4359 770 4423 ad
782 4359 885 4442 damp.
899 4358 935 4422 xl
944 4359 983 4436 d.,
993 4360 1033 4425 de
1044 4361 1119 4424 m’ia
1129 4361 1161 4442 vj
1175 4360 1301 4426 d-De

161 4449 345 4532 Margareta
367 4447 480 4512 relicta
502 4447 569 4511 Ric.
593 4447 633 4510 de
655 4447 826 4522 Monkton,
841 4446 928 4510 unde
949 4446 1087 4510 Thomas
1110 4447 1208 4510 irater
1222 4467 1300 4512 suus

159 4535 374 4620 respondebit,
385 4535 461 4618 Rog.
473 4533 568 4618 Page,
578 4534 707 4598 Davido
712 4533 852 4610 Walker,
862 4534 884 4597 J
887 4534 936 4596 oh.
947 4534 1066 4610 Lutlin‚
1076 4534 1153 4598 Rob.
1163 4535 1301 4608 Yutson,
