3224 5212
167 561 260 631 1378.
437 575 595 624 duriora
611 578 1050 628 rnronarusnuunnnnusre.
1244 568 1305 627 149

163 753 239 796 oum
254 734 369 817 porois,
384 741 417 798 et
432 736 519 818 quod
534 737 672 819 quilibet
694 757 804 800 eorum
819 739 987 815 custodiat,
1002 758 1076 802 cunr
1092 745 1207 802 turnus
1228 757 1306 802 suus

165 823 299 898 venerit,
314 842 480 905 quousque
506 822 649 886 habeant
677 845 880 889 communem
909 825 1087 908 porcarium
1118 826 1179 888 sub
1208 845 1306 908 poena

164 908 209 990 xij
223 908 253 972 d.
299 909 489 991 Injunetum
513 917 562 974 est
589 911 639 994 [oe
664 909 766 995 above]
797 911 884 994 quod
913 913 1023 976 nullus
1053 933 1163 976 eorum
1193 912 1306 975 fodent

165 993 236 1080 [aab]
251 995 287 1057 in
303 996 369 1060 alta
384 1001 483 1060 strata
498 995 534 1060 in
549 997 629 1060 villa
644 997 683 1061 de
700 998 917 1082 Billyugham,
932 1000 992 1062 sub
1007 1019 1103 1082 poena
1117 999 1152 1062 xl
1163 999 1193 1064 d.

207 1083 352 1147 NnUTON
366 1083 536 1148 vrnonwr.
582 1085 742 1148 Robertus
758 1085 864 1149 Smith
879 1106 910 1150 v.
924 1086 960 1149 in
975 1087 1063 1150 ouria
1078 1093 1111 1151 et
1125 1107 1150 1151 a.
1163 1087 1176 1169 j
1194 1091 1254 1149 eot.
1270 1092 1305 1149 et

163 1169 197 1251 vj
219 1189 309 1233 aeras
331 1177 388 1234 ter.
405 1169 520 1234 ultimo
535 1171 571 1235 in
593 1178 707 1236 tenura
729 1172 752 1236 J
754 1173 890 1236 ohannis
906 1173 944 1238 de
960 1173 1092 1237 Neuton
1106 1179 1139 1237 et
1153 1173 1304 1256 perdidit,

163 1275 201 1318 eo
217 1256 305 1339 quod
319 1257 415 1341 praed.
428 1258 451 1321 J
452 1259 595 1323 ohannes
611 1259 717 1324 noluit
732 1260 858 1325 trahere
873 1280 995 1324 moram
1010 1260 1131 1325 ibidem
1142 1266 1238 1342 prout
1252 1261 1303 1322 in-

160 1342 314 1425 junctum
341 1344 405 1406 fuit
427 1345 490 1408 sibi
513 1345 548 1408 in
571 1346 718 1429 pluribus
741 1347 893 1411 halmotis
915 1368 973 1431 per
998 1348 1077 1412 istos
1106 1354 1172 1411 tres
1201 1366 1303 1411 annos

163 1450 252 1512 prox,
275 1431 465 1514 praeteritOS,
486 1433 558 1496 hab.
582 1434 622 1497 ad
645 1435 736 1498 term’
752 1435 829 1499 vitre
851 1455 926 1512 suae,
948 1434 1037 1502 redd.
1060 1435 1226 1518 antiquam
1249 1434 1303 1497 fir·

163 1537 276 1580 mam·
293 1555 306 1566 -

208 1603 355 1669 OOUPON.
400 1606 629 1670 BonaThomae
641 1607 845 1673 fil.Gilberti.
882 1609 909 1671 F
910 1615 1094 1672 rumentum
1105 1609 1140 1671 in
1150 1608 1237 1692 gerb.
1246 1628 1304 1690 per

163 1691 267 1755 estim.
291 1691 364 1775 iqr.
388 1699 421 1756 et
439 1692 492 1768 di..
510 1693 524 1776 j
549 1693 614 1757 olla
635 1714 732 1770 orrea,
743 1695 757 1777 j
782 1695 1232 1780 collobium—Compertum
1254 1701 1305 1758 est

163 1797 221 1861 per
239 1779 302 1862 jur.
318 1779 406 1862 quod
426 1780 564 1844 Thomas
583 1780 781 1846 1111111111
803 1782 975 1846 aedificavit
996 1804 1095 1846 unam
1111 1783 1247 1846 salinam
1270 1789 1304 1845 et

162 1873 276 1948 postea
302 1867 478 1949 prostravit
499 1867 643 1944 eandem,
670 1869 710 1933 de
739 1870 832 1952 eujus
861 1870 1013 1934 meremio
1038 1869 1177 1934 suntin
1203 1888 1303 1932 manu

163 1952 326 2016 Johannis
356 1953 399 2018 fil.
426 1954 504 2036 Rog.
537 1975 560 2016 x
589 1973 680 2037 spara
706 1961 739 2020 et
767 1957 842 2032 ribs,
877 1963 910 2020 et
938 1956 975 2019 in
1007 1977 1106 2020 manu
1142 1956 1303 2020 Johannis

163 2039 205 2102 fil.
223 2039 364 2104 Gilberti
379 2062 400 2103 x
416 2061 506 2123 sparo
521 2049 554 2105 et
565 2041 579 2124 j
596 2043 674 2120 first,
689 2050 722 2106 et
736 2043 773 2106 in
787 2043 921 2126 gardino
936 2044 1031 2127 praed.
1044 2045 1174 2108 Thomae
1189 2050 1267 2107 sunt
1281 2063 1303 2106 v

162 2127 230 2190 ribs
246 2135 279 2190 et
294 2129 389 2203 firsts,
405 2134 437 2191 et
452 2129 488 2190 in
503 2149 629 2192 aamera
644 2130 787 2212 ejusdem
803 2131 933 2193 Thomae
947 2140 1024 2194 sunt
1040 2131 1072 2213 xj
1088 2131 1181 2214 parvi
1196 2150 1306 2212 spare;

163 2215 256 2297 eujus
272 2214 405 2297 quidem
419 2216 571 2278 meremia
587 2216 790 2300 assignantur
811 2217 983 2301 praeposito
998 2224 1030 2281 et
1041 2218 1103 2301 jur.
1120 2216 1161 2281 ad
1182 2217 1304 2282 custod.

162 2301 203 2364 ad
219 2321 301 2384 opus
317 2301 441 2365 domini
455 2302 515 2364 sub
529 2322 626 2384 poena
646 2304 687 2368 di.
703 2324 779 2367 mar.

206 2389 331 2452 Aoner.
378 2389 586 2472 Compertum
607 2397 657 2454 est
680 2411 738 2473 per
761 2398 998 2455 sacramentum
1021 2391 1099 2476 Rog.
1124 2393 1213 2468 Lose,
1228 2389 1302 2455 Joh.

163 2474 327 2551 Tailliour‚
350 2474 440 2540 Will.
465 2475 598 2552 Uacber,
623 2477 713 2540 wilt
740 2478 890 2554 Randolf,
916 2479 989 2543 Joh.
1017 2478 1061 2544 fil.
1085 2479 1210 2554 firman,
1229 2478 1252 2542 J
1254 2478 1303 2541 oh.

163 2563 428 2640 Farnharnsman,
445 2563 576 2626 Thomae
591 2564 740 2645 Watson‚
755 2564 845 2629 Will.
869 2566 988 2641 Power,
1003 2567 1060 2648 qui
1081 2565 1195 2629 dieunt
1216 2565 1304 2648 quod

163 2648 247 2713 bona
264 2647 336 2734 [oio]
351 2650 374 2713 J
376 2649 425 2713 oh.
443 2649 539 2714 Clerk
561 2651 601 2714 de
616 2651 720 2734 Aoley
736 2660 878 2736 tempore
902 2673 966 2736 quo
989 2651 1106 2716 occidit
1121 2653 1303 2715 Walterum

163 2735 321 2800 Tailliour
341 2736 457 2800 habuit
479 2737 563 2801 bona
585 2745 618 2801 et
640 2739 757 2803 catalla
777 2741 818 2802 ad
833 2739 1012 2804 volentiam
1028 2739 1106 2821 xxvj
1117 2759 1140 2802 s.
1157 2739 1213 2822 viij
1225 2738 1254 2802 d.
1271 2744 1305 2803 et

162 2821 287 2886 habent
301 2823 389 2887 diem
411 2824 451 2887 ad
474 2825 596 2888 ostend.
613 2846 685 2908 quae
700 2827 785 2890 bona
806 2835 840 2891 et
861 2827 978 2891 catalla
992 2826 1087 2910 praed.
1104 2827 1127 2890 J
1128 2826 1177 2890 oh.
1194 2846 1303 2889 vener-

163 2917 225 2974 unt
246 2910 289 2973 ad
311 2931 427 2974 manus
442 2911 603 2976 Johannis
618 2914 718 2976 Tours
736 2915 939 2990 coronatoris,
954 2921 987 2978 et
1009 2914 1049 2977 ad
1072 2913 1165 2995 eujus
1188 2932 1303 2976 manus

162 2997 330 3061 residuum
350 2998 526 3074 devenerit,
541 2999 626 3062 inira
648 3000 670 3083 ij
695 3001 898 3083 septimanas.
945 3001 1134 3083 Injunetum
1156 3004 1206 3063 est
1228 3018 1303 3062 oon·

163 3084 330 3148 stabilario
345 3091 378 3149 et
392 3084 542 3148 omnibus
557 3085 630 3150 aliis
646 3095 709 3152 ten.
721 3088 801 3150 villa
812 3088 899 3170 quod
911 3108 975 3150 non
986 3086 1176 3170 permittant
1188 3084 1304 3148 catalla

163 3171 308 3235 felonum
324 3181 382 3235 aut
404 3170 540 3235 aliorum
555 3172 764 3256 fugitivorum
779 3175 956 3237 ammoveri
971 3173 1010 3237 de
1025 3172 1105 3237 villa
1119 3171 1176 3236 aed
1198 3177 1305 3235 custo·

164 3259 256 3321 diant
279 3259 391 3322 eadem
407 3258 525 3322 catalla
539 3267 572 3323 et
587 3280 623 3324 ea
638 3260 758 3324 faciant
780 3261 956 3344 appreciari
979 3260 1020 3324 ad
1034 3280 1147 3323 verum
1161 3258 1305 3322 valorem

164 3365 332 3429 quousque
355 3345 496 3409 mandat.
522 3346 662 3409 habeant
686 3348 725 3410 de
750 3348 860 3411 Priore
889 3354 923 3411 et
951 3347 1030 3410 offio.
1056 3346 1215 3430 Episcopi,
1243 3345 1304 3410 sub

164 3453 261 3516 poena
276 3433 311 3495 xl
320 3453 343 3496 s,
356 3466 399 3478 -
412 3433 604 3496 Ordinatum
621 3438 725 3497 estex
744 3435 908 3497 communi
930 3454 1063 3498 assensu
1085 3434 1172 3516 quod
1194 3433 1304 3497 nullus

164 3540 275 3583 eorum
291 3519 482 3603 permittant
499 3519 608 3602 aliqua
622 3521 728 3584 averia
751 3520 938 3585 conculcare
953 3521 1037 3585 bled.
1053 3541 1113 3585 nee
1135 3521 1305 3603 depascere

164 3605 292 3689 herbag.
305 3607 341 3670 in
356 3606 464 3689 aliquo
476 3606 540 3669 alio
551 3607 622 3670 loco
637 3627 734 3690 quam
751 3609 935 3684 admoram,
947 3607 1167 3691 subpoenad'r
1180 3627 1303 3670 marcae.

206 3694 308 3759 FnRY.
355 3693 547 3776 Injunetum
573 3699 622 3758 est
648 3694 798 3758 omnibus
824 3703 889 3759 ten.
917 3694 1004 3758 villae
1034 3699 1067 3758 et
1089 3693 1241 3757 villarum
1263 3692 1303 3755 de

163 3779 311 3856 Estmer,
325 3779 506 3856 Westmer,
520 3785 553 3844 et
576 3780 736 3859 Midmer,
751 3787 785 3845 et
807 3782 937 3846 Chilton
959 3781 1046 3864 quod
1068 3779 1178 3843 nullus
1193 3798 1303 3841 eorum

163 3866 281 3930 ludant
302 3867 344 3930 ad
366 3861 448 3950 pilas
471 3866 511 3930 de
535 3872 639 3931 eetero
661 3869 722 3932 sub
744 3889 840 3951 poena
860 3869 927 3932 xis.
948 3866 1088 3932 solvend.
1106 3873 1163 3930 eta
1211 3864 1305 3930 Will.

162 3953 275 4017 Adlok
296 3954 348 4037 ej
365 3954 435 4018 toft.
451 3974 496 4016 xx
519 3974 545 4018 a
568 3962 624 4018 ter.
647 3954 705 4036 ult.
721 3955 756 4018 in
778 3964 842 4020 ten.
858 3956 988 4018 Thomae
1009 3952 1143 4032 Gawdi;
1167 3951 1240 4017 hab.
1264 3951 1306 4016 ad

162 4047 255 4104 term.
271 4041 348 4104 vitae
363 4059 439 4116 suae,
453 4039 539 4104 redd.
556 4061 586 4124 p.
602 4061 628 4105 a
645 4041 690 4123 xij
701 4062 724 4105 s.
735 4046 768 4106 et
777 4063 834 4125 pro
846 4043 994 4126 operibus
1006 4041 1142 4105 manerii
1153 4039 1175 4124 ij
1187 4061 1211 4105 e.
1227 4039 1263 4124 iij
1274 4039 1306 4105 d.

164 4127 251 4210 quod
281 4129 372 4210 prius
402 4125 543 4190 reddidit
572 4128 605 4210 xj
617 4148 640 4192 e.
672 4128 815 4193 Gres’ma
839 4149 896 4194 xe.
918 4127 1059 4193 solvend.
1083 4149 1159 4192 eum
1184 4127 1306 4212 ceperit

163 4215 303 4297 primam
313 4221 483 4278 vesturam.
510 4213 727 4297 [Welfedaad
738 4217 1307 4280 Biehebornalsoooeurosearaamee

163 4302 201 4363 a'a
213 4301 277 4364 tbe'a
289 4301 355 4365 vill.
403 4301 465 4364 1711
480 4301 573 4364 latter
580 4303 763 4386 frequently
777 4305 965 4386 afterwards
978 4325 1015 4367 aa
1029 4305 1065 4367 de
1079 4303 1249 4366 Biohobora
1270 4330 1300 4355 =

180 4392 191 4451 1
221 4389 405 4452 Beeobbora.

163 4389 178 4469 (
194 4388 367 4540 )011111011.
409 4388 700 4542 111111111111111.
717 4477 839 4542 Milner
853 4476 893 4541 de
917 4477 1050 4541 Chilton
1072 4497 1096 4540 o.
1109 4477 1123 4559 j
1148 4479 1207 4540 aot
1224 4480 1257 4538 et
1271 4473 1306 4557 vj

165 4581 210 4628 ac.
224 4570 281 4627 ter.
298 4583 371 4646 quae
386 4563 409 4626 J
411 4561 460 4626 oh.
478 4563 585 4627 Smith
601 4564 640 4627 de
657 4564 865 4649 Maynesford
880 4566 970 4649 prius
993 4563 1100 4628 tenuit
1122 4568 1155 4626 et
1177 4580 1306 4625 sursum
