3224 5212
275 547 334 604 136
532 555 688 604 nitriam
704 555 885 604 telonibus
900 554 1139 604 DUNBLMENSIS.
1318 545 1413 604 1376.

268 716 420 798 junctum
434 719 483 778 est
499 751 511 762 ·
528 751 540 762 ·
553 714 639 798 quod
654 713 792 797 quilibet
806 713 872 777 ten'
884 711 938 777 del
952 713 1096 776 Estrawe
1111 712 1264 777 claudant
1277 712 1417 796 gardina

273 821 340 876 sua,
355 807 388 865 ct
402 800 490 884 quod
505 801 616 864 nullus
631 821 741 864 eorum
755 805 888 864 teneant
909 819 1113 864 communem
1128 799 1215 863 viam
1229 799 1270 864 ad
1286 800 1416 864 exitum

274 887 369 971 gard'.

322 1065 413 1127 1³76.
436 1061 646 1145 Ili-Apud
668 1061 794 1137 Heb'n',
816 1061 869 1126 die
891 1061 1008 1125 Martie
1031 1061 1066 1124 in
1088 1061 1194 1144 prima
1215 1067 1295 1144 sept.
1312 1060 1415 1144 quad-

274 1148 796 1386 1111111111131111
818 1147 1063 1311 1111111111
1081 1147 1416 1299 iifflmddi

277 1343 294 1386 e
358 1343 406 1386 111

323 1407 571 1492 [wimundum]
631 1408 756 1492 Compt
788 1413 837 1473 111
873 1427 932 1492 per
963 1414 1200 1474 sacramentum
1232 1409 1296 1492 jur.
1326 1408 1415 1491 quod

278 1495 434 1560 Ricardus
449 1495 554 1558 Aruas
569 1495 700 1559 nativus
715 1495 840 1559 domini
854 1514 894 1558 ex
909 1502 1064 1559 uxoratus
1087 1494 1157 1578 [sic]
1173 1499 1206 1558 et
1221 1499 1364 1558 moratur
1378 1496 1415 1557 in

279 1583 407 1646 Horten
423 1587 456 1646 11
469 1581 636 1646 Johannes
651 1583 758 1646 Aruas
781 1586 830 1646 est
852 1582 950 1646 frater
972 1583 1042 1664 ejus
1064 1589 1098 1646 et
1119 1587 1170 1646 est
1190 1581 1257 1644 ead'
1272 1581 1363 1645 cond'
1380 1586 1415 1645 11

278 1675 421 1733 moratur
431 1669 465 1732 in
476 1668 617 1754 Ylayton
630 1669 670 1754 [t]
682 1675 779 1752 prout
789 1669 937 1733 creditur.
960 1669 983 1733 J
984 1668 1127 1732 ohannes
1136 1668 1273 1732 Watson
1282 1669 1416 1732 nativus

277 1756 402 1820 domini
422 1761 456 1820 11
477 1763 619 1820 moratur
640 1755 676 1818 in
697 1755 916 1820 Nerthumbr'.
960 1757 1028 1820 Jon
1049 1755 1136 1819 filius
1159 1755 1295 1819 Henrici
1316 1754 1413 1838 Egill'

279 1843 346 1908 ead’
362 1843 453 1907 cond’
468 1848 502 1907 11
523 1850 666 1907 moratur
679 1843 714 1906 in
736 1843 831 1907 Novo
853 1843 966 1908 Castro
987 1843 1023 1905 in
1045 1842 1212 1925 Pampden
1234 1862 1309 1906 cum
1323 1841 1416 1906 Wal-

278 1935 347 1994 tero
363 1931 443 1994 Kaa.

323 2018 570 2081 Hnunuwossmt.
614 2017 665 2080 De
686 2015 808 2081 Thoma
822 2015 969 2100 Aunfray
984 2016 1061 2099 quia
1081 2015 1188 2079 tenuit
1202 2035 1306 2079 unum
1327 2020 1414 2080 cota-

279 2104 368 2188 gium
391 2104 501 2166 uxoris
516 2106 538 2168 J
540 2103 677 2167 ohannis
699 2103 866 2169 Chiriman
881 2103 967 2167 ultra
982 2103 1101 2166 festum
1118 2103 1148 2166 S.
1164 2101 1302 2166 Martini
1323 2122 1413 2186 prox.

278 2190 478 2273 praeteritum
488 2196 585 2273 prout
593 2190 776 2273 injunctum
788 2189 852 2254 fuit
866 2190 929 2254 sibi
944 2190 979 2252 in
993 2189 1110 2253 ultima
1123 2190 1213 2253 curia
1227 2188 1268 2252 ad
1283 2189 1416 2271 dampn'

278 2276 331 2360 pd.
354 2275 463 2340 uxoris
486 2275 647 2340 Jobannis
670 2276 837 2340 Chiriman
861 2277 932 2340 rod.
956 2282 1053 2359 prout
1074 2281 1275 2360 compartum
1300 2280 1350 2339 eat
1372 2276 1414 2339 de

280 2361 498 2426 misericordia
514 2362 564 2425 td.
581 2363 628 2446 [N
629 2382 647 2425 o
663 2367 756 2445 entry
770 2383 813 2426 on
828 2362 884 2428 the
906 2364 1031 2446 subject
1044 2363 1081 2425 in
1098 2367 1190 2439 1376,
1205 2362 1250 2426 ΙΙ.
1296 2363 1364 2424 But
1378 2363 1414 2424 in

283 2449 477 2524 1371111
503 2448 581 2512 “De
607 2449 747 2512 Mariota
774 2449 951 2532 Ohiryman
979 2470 1037 2533 pro
1067 2449 1291 2513 tabemacione
1316 2449 1415 2514 unius

280 2536 398 2618 cotagii
412 2535 482 2600 aine
497 2534 634 2600 licencia
649 2536 772 2599 domini
786 2537 917 2600 Thcmae
931 2535 1093 2619 Aumfray
1110 2535 1191 2619 6d’']

325 2622 505 2687 Monimou.
549 2622 735 2686 Willclmus
751 2625 773 2687 J
775 2624 877 2687 akson
899 2623 984 2706 cepit
1001 2623 1031 2706 [“
1038 2625 1051 2706 j
1068 2623 1180 2686 bond'’
1195 2625 1298 2687 atracio
1319 2624 1386 2708 ma]
1399 2624 1413 2706 j

280 2711 401 2774 toftum
412 2716 445 2774 at
456 2710 594 2774 ercitum
607 2714 640 2773 et
651 2710 743 2792 xxiiij
755 2730 843 2774 acres
855 2715 947 2774 terrae
956 2710 1072 2773 ultimo
1082 2710 1118 2772 in
1127 2715 1242 2774 tenura
1252 2711 1276 2774 J
1277 2709 1415 2774 ohannis

280 2799 382 2881 patris
408 2797 477 2861 sui:
502 2796 638 2860 habend.
662 2803 695 2860 et
716 2797 844 2860 tenend.
867 2796 908 2861 ad
930 2795 1132 2860 voluntatem
1158 2795 1282 2859 domini
1305 2797 1416 2879 [“ter-

281 2885 407 2948 minum
422 2885 499 2948 vitae
521 2884 613 2947 suae''
627 2884 730 2946 1111111
750 2884 837 2966 out]:
866 2883 951 2947 redd
967 2904 997 2966 p.
1014 2903 1040 2947 a.
1058 2888 1102 2946 81
1125 2883 1211 2965 quod
1232 2882 1322 2966 priua
1344 2884 1416 2948 red-

282 2972 366 3036 didit
398 2977 481 3035 lia:
510 2969 694 3052 incipiendo
724 2968 847 3034 solvere
876 2969 918 3033 ad
947 2970 1067 3033 festum
1097 2969 1127 3034 S.
1159 2968 1295 3033 Martini
1324 2990 1415 3052 prox.

281 3058 446 3122 futurum:
471 3057 556 3121 redd.
573 3077 631 3140 pro
652 3056 756 3141 primo
778 3076 863 3119 anno
880 3061 934 3132 41,
949 3061 981 3120 11
996 3055 1136 3120 secundo
1151 3075 1235 3118 anno
1252 3061 1305 3130 81,
1320 3063 1354 3119 11
1369 3057 1416 3120 111

281 3144 321 3208 (11
336 3165 420 3209 anno
435 3145 470 3208 iu
485 3165 606 3208 anuum
622 3143 698 3207 dum
709 3142 807 3206 fuerit
821 3144 856 3205 in
871 3148 987 3208 tenura
1008 3163 1066 3206 sua
1078 3180 1091 3191 ·
1103 3180 1115 3190 -
1126 3141 1277 3206 Grea’m'a
1293 3147 1337 3206 61
1356 3143 1417 3220 cd„

281 3231 486 3294 condonatur.

335 3316 511 3380 smnwm
571 3318 622 3381 De
648 3316 798 3381 Johanne
821 3315 903 3380 Reid
928 3335 986 3400 pro
1016 3316 1074 3378 arr’
1098 3315 1265 3398 operumj
1296 3316 1417 3399 eotagii

281 3402 445 3486 quondam
460 3402 495 3465 in
510 3410 624 3466 tenura
638 3405 662 3468 J
663 3403 798 3467 ohannae
813 3402 1003 3466 Marmcdck
1018 3403 1116 3467 debit'
1127 3402 1268 3466 manerio
1283 3401 1324 3465 de
1338 3402 1417 3464 Ful-

282 3488 357 3552 well
381 3509 400 3552 a
422 3493 507 3552 retro
522 3489 562 3552 de
577 3489 621 3572 vij
638 3489 741 3564 annis,
755 3510 813 3572 pro
828 3509 892 3572 quo
914 3494 1042 3553 tenetur
1055 3493 1175 3553 metere
1199 3489 1233 3552 in
1248 3489 1417 3571 autumpn’

277 3664 339 3747 jur.
356 3664 442 3747 quod
458 3665 480 3727 J
482 3663 624 3726 ohannes
639 3662 678 3727 de
693 3662 844 3726 szorth
860 3661 993 3726 habebit
1014 3662 1139 3726 edificia
1152 3662 1250 3726 unius
1264 3661 1417 3744 bondagii

281 3751 368 3834 quod
396 3751 483 3816 idem
512 3751 678 3814 Johannea
711 3755 744 3813 et
774 3749 933 3813 Robertus
967 3748 1085 3832 Smyth
1114 3752 1267 3831 ceperunt
1295 3748 1337 3812 ad
1366 3749 1417 3811 in·

280 3839 396 3915 vicem,
410 3844 443 3903 11
457 3838 544 3901 idem
555 3838 713 3901 Robertus
728 3835 861 3901 habebit
879 3835 1048 3918 gardinum
1063 3834 1189 3918 herbag‘
1205 3841 1238 3899 ct
1248 3837 1272 3900 J
1273 3834 1417 3899 ohannes

282 3923 374 3987 dabit
394 3925 447 4006 pd.
463 3924 602 3988 Roberto
620 3931 663 3987 21
686 3923 722 3985 in
743 3943 851 3998 manu,
866 3930 900 3986 et
913 3921 1000 4006 quod
1015 3922 1068 4004 pd.
1084 3923 1107 3986 J
1109 3922 1251 3986 ohannes
1273 3941 1416 3986 comora-

280 4009 370 4072 bitur
380 4009 414 4071 in
425 4010 578 4092 praedicto
591 4010 658 4094 [ab]
672 4009 807 4074 edificiis
819 4015 851 4072 11
862 4008 920 4072 illa
934 4008 1157 4072 manutenebit
1171 4013 1204 4073 et
1219 4009 1417 4072 sustentabit

280 4115 337 4177 pro
360 4099 450 4158 term.
466 4097 542 4159 vitae
564 4117 630 4160 auae
645 4103 678 4161 et
699 4098 733 4159 in
749 4097 813 4160 fine
835 4095 966 4159 termini
988 4094 1039 4158 sui
1060 4095 1094 4157 in
1122 4093 1301 4159 sufficiente
1327 4101 1416 4159 statu

281 4179 432 4256 dimittet,
449 4185 482 4242 et
503 4199 599 4264 super
613 4181 675 4245 hoc
697 4183 880 4264 injunctum
903 4187 952 4246 111
973 4181 1026 4264 pd.
1041 4182 1064 4245 J
1066 4181 1186 4245 obanni
1201 4181 1289 4264 quod
1304 4181 1417 4247 veniat

280 4273 313 4331 ct
328 4265 435 4329 trahat
450 4285 570 4329 moram
586 4267 706 4331 ibidem
721 4276 796 4332 ante
811 4269 930 4333 festum
948 4268 1084 4331 Martini
1098 4288 1185 4352 prox.
1202 4268 1261 4331 fut.

322 4353 552 4416 Wrmtsrowu.
597 4352 836 4418 Incrementum
851 4355 996 4418 redditus
1012 4355 1063 4418 td.
1107 4354 1246 4418 Isabella
1260 4375 1334 4438 quae
1351 4355 1417 4419 fuit

277 4460 360 4504 uxor
381 4439 404 4504 J
405 4437 541 4502 ohannis
557 4439 666 4503 Walaa
681 4441 772 4504 venit
793 4442 828 4504 in
850 4441 939 4506 curia
960 4447 993 4505 et
1008 4441 1094 4524 cepit
1109 4446 1142 4504 11
1157 4440 1226 4525 [cic]
1241 4442 1416 4506 tenement’

276 4533 310 4592 et
320 4526 387 4609 xxij
405 4546 492 4590 acras
503 4531 595 4589 terrae
610 4532 643 4590 et
654 4527 755 4591 eciam
768 4526 853 4611 [viij]
866 4529 928 4592 acr’
943 4527 983 4592 de
995 4534 1079 4592 terra
1091 4527 1263 4592 Hostiiar':
1278 4527 1414 4592 habend.
