3224 5212
299 589 358 646 132
557 596 714 645 Hannone
731 595 911 644 PRIORATUS
926 596 1165 645 DUNELMENSIS.
1339 583 1430 644 1375.

295 755 401 820 Adam
416 753 575 838 Hardyng
589 753 706 818 ultimo
720 754 843 818 tenuit:
858 753 993 818 habend.
1009 760 1042 818 et
1056 753 1183 818 tenend
1198 753 1239 817 ad
1253 757 1344 817 term.
1356 753 1432 815 vitas

294 862 368 907 sun.
381 879 394 890 ·
405 879 469 892 --
478 841 615 906 Thomas
624 840 819 906 Mareschall
830 877 843 888 ·
856 841 964 924 -eepit
972 861 1074 905 unum
1084 840 1246 925 cotagium
1255 844 1286 904 et
1296 839 1329 923 xj
1343 858 1431 903 acras

294 935 386 993 terrae
408 949 480 1012 quae
494 927 680 992 Willehnus
695 928 835 992 (turronr
855 929 945 1010 prius
967 927 1074 991 tenuit
1089 935 1122 992 et
1141 947 1269 991 sursum
1291 925 1432 990 reddidit

295 1016 337 1081 ad
352 1035 433 1100 opus
448 1015 550 1099 ipsius
573 1014 719 1078 Thomae:
740 1013 876 1078 habend.
897 1020 930 1078 et
951 1014 1079 1078 tenend.
1100 1014 1141 1078 ad
1160 1020 1251 1079 term.
1266 1013 1343 1076 vitae
1358 1032 1430 1076 snae.

296 1102 542 1186 —Injnnotum
561 1106 611 1166 est
634 1100 784 1165 omnibus
804 1100 992 1164 mulieribus
1013 1100 1101 1164 villae
1120 1101 1207 1184 quod
1228 1103 1433 1183 compescant

295 1189 423 1272 linguas
438 1209 513 1253 suas
528 1195 562 1253 et
576 1187 662 1272 quod
676 1208 743 1251 non
757 1187 886 1271 litigent
901 1207 961 1251 nec
976 1187 1172 1252 maledicant
1186 1187 1334 1270 aliquem

341 1277 492 1340 Damon.
535 1276 587 1339 De
602 1275 625 1339 J
626 1274 754 1339 obauna
766 1294 864 1338 uxore
877 1273 1051 1338 Willielmi
1074 1274 1192 1357 Smyth
1206 1294 1264 1356 pro
1278 1272 1431 1336 merchet'

300 1363 370 1426 rad.
429 1363 481 1426 De
510 1361 692 1446 Margareta
721 1360 839 1425 ancilla
864 1360 1005 1424 fermerii
1029 1381 1088 1445 pro
1117 1361 1179 1424 lair
1207 1380 1282 1424 cum
1308 1359 1433 1423 duobus

298 1449 485 1513 hominibus
511 1447 580 1512 rad.
626 1448 677 1512 De
703 1447 856 1514 Johanna
878 1447 1085 1512 Woddeoock
1106 1468 1164 1531 pro
1190 1447 1301 1511 eodem
1326 1447 1377 1510 td.
1390 1483 1434 1492 —

297 1536 349 1600 De
370 1535 495 1599 Thoma
515 1535 583 1599 filio
605 1533 706 1598 Alani
731 1534 856 1599 fermar'
881 1555 940 1617 pro
969 1554 1035 1598 nno
1061 1535 1185 1618 cotugio
1212 1539 1245 1598 et
1267 1553 1324 1597 sex
1350 1532 1433 1596 acris

298 1629 391 1687 terrae
405 1622 445 1687 do
467 1629 551 1686 terra
572 1621 669 1685 Fabri
690 1621 835 1704 occupat’
849 1641 907 1705 per
921 1621 1030 1704 ipsum
1050 1641 1108 1704 per
1122 1641 1179 1685 sex
1193 1641 1295 1684 annos
1316 1619 1434 1683 ultimo

299 1709 425 1793 elapsos
454 1729 527 1792 quae
555 1728 621 1772 non
652 1708 860 1772 continentur
888 1706 923 1770 in
961 1707 1149 1772 dimissione
1186 1707 1249 1771 sibi
1278 1707 1364 1770 facta
1393 1705 1434 1770 de

299 1795 478 1874 dominicis,
500 1816 559 1880 pro
581 1795 728 1879 quolibet
750 1814 834 1858 anno
859 1799 912 1872 ts,
936 1795 1120 1859 36s.-De
1145 1815 1246 1858 uxore
1270 1793 1434 1857 Johannis

298 1884 441 1947 Dawson
462 1902 519 1966 pro
543 1882 644 1946 assisa
665 1881 809 1946 servicia.
830 1880 933 1945 fracta
957 1880 1006 1945 od.
1018 1919 1061 1928 —
1073 1881 1331 1957 Memorandum,
1346 1879 1437 1963 quod

298 1969 448 2034 dominus
465 1968 620 2033 Ricardns
636 1969 675 2032 de
690 1967 881 2032 Wolneston
896 1967 1081 2052 capellanus
1104 1969 1182 2032 emit
1196 1988 1298 2031 unum
1313 1987 1436 2049 equum

299 2055 387 2139 [etc]
411 2076 483 2139 quae
498 2056 632 2121 luerunt
654 2054 804 2138 Hugonis
826 2055 1056 2119 Fermonrman
1077 2054 1229 2119 indictati
1254 2059 1287 2118 et
1301 2053 1436 2136 fugitivi

297 2162 355 2225 pro
378 2147 479 2206 morte
502 2142 664 2207 Johannis
685 2143 828 2206 Dawson
849 2161 908 2225 pro
925 2146 991 2206 30s.
1010 2141 1092 2225 pleg.
1109 2142 1267 2206 Robertus
1289 2141 1436 2224 Martyn,

298 2228 390 2310 cujus
411 2247 478 2291 una
499 2227 655 2292 medietas
681 2228 822 2312 pertinet
844 2227 975 2292 domino
1000 2228 1168 2312 Episcopo,
1190 2233 1224 2292 et
1245 2227 1345 2292 altera
1366 2247 1434 2290 me-

298 2313 402 2378 dietas
427 2314 570 2398 pertinet
591 2314 722 2379 domino
748 2314 859 2379 Priori.
871 2315 1025 2380 -Mem
1049 2315 1136 2398 quod
1157 2335 1222 2378 una
1247 2334 1319 2378 acra
1340 2320 1436 2377 terrae

298 2400 339 2464 de
359 2404 476 2464 tenura
500 2400 580 2465 Adae
602 2401 796 2486 Langbayne
818 2401 968 2466 existent'
990 2401 1026 2464 in
1047 2421 1147 2465 manu
1161 2400 1283 2465 domini
1304 2405 1437 2483 propter

297 2487 529 2571 impotentiam
549 2487 652 2572 ipsius
667 2488 749 2552 Adae
770 2489 938 2552 seminatae
960 2508 1036 2552 cum
1050 2508 1160 2564 avena,
1176 2487 1378 2571 appreciatur
1391 2486 1434 2550 ad

300 2578 340 2637 40
358 2573 386 2638 d.
402 2580 435 2638 et
449 2573 602 2638 venditur
622 2575 752 2639 domino
771 2574 907 2638 Ricardo
922 2574 1113 2639 Wolneston
1128 2574 1293 2658 capellano
1308 2595 1366 2657 pro
1381 2594 1435 2637 eo-

298 2660 372 2725 dem
386 2661 501 2744 precio.
512 2701 557 2711 -
568 2662 724 2726 Ricardus
739 2661 780 2725 de
795 2660 987 2725 Wolueston
999 2699 1011 2710 -
1024 2661 1133 2745 -oepit
1147 2681 1250 2725 unum
1272 2660 1435 2744 ootagium

298 2755 332 2812 et
345 2767 403 2812 sex
418 2768 507 2813 acras
528 2753 621 2812 terrae
635 2769 708 2832 quae
723 2747 907 2812 Willelmus
921 2748 1086 2831 Langman
1108 2748 1198 2831 prins
1215 2747 1299 2811 tenit
1314 2746 1385 2830 [sic]
1400 2752 1436 2810 et

296 2834 431 2918 reliquit
444 2842 574 2919 propter
588 2834 833 2919 impotentiam:
848 2834 984 2899 habend
996 2840 1029 2899 et
1040 2835 1166 2899 tenend.
1182 2834 1223 2898 ad
1233 2833 1435 2898 voluntatem

298 2920 430 2999 domini,
443 2921 530 2987 redd.
548 2942 577 3005 p.
593 2942 620 2986 a.
638 2927 682 2985 bs.
698 2921 755 3004 qni
769 2921 858 3003 prius
872 2921 1082 2985 reddiderunt
1106 2927 1151 2988 8s.
1165 2959 1179 2970 -
1195 2959 1207 2970 -
1222 2959 1265 2969 —
1281 2921 1436 3004 Marjoria

296 3007 409 3072 relicta
423 3009 446 3072 J
447 3009 584 3073 ohannis
598 3008 740 3072 Dawson
755 3007 900 3072 defuncti
915 3009 1002 3092 cepit
1015 3029 1118 3072 unum
1132 3008 1233 3073 torale
1248 3007 1435 3071 edificatum

298 3094 333 3157 in
348 3101 440 3159 vasto
456 3095 579 3160 domini
599 3115 657 3179 per
679 3094 802 3159 dictum
824 3095 847 3159 J
849 3094 1018 3173 ohannem,
1032 3095 1168 3160 habend.
1190 3101 1224 3159 et
1237 3094 1364 3158 tenend.
1392 3093 1435 3157 ad

296 3185 388 3244 term.
405 3181 482 3244 vitae
496 3201 572 3258 suaa,
586 3181 673 3245 redd.
688 3201 719 3264 p.
734 3201 760 3244 a.
780 3180 850 3244 12d.
868 3186 918 3244 set
932 3181 1081 3247 dominns
1096 3182 1188 3246 Prior
1198 3202 1238 3247 ex
1253 3181 1359 3266 gracia
1374 3199 1435 3244 sua

298 3265 423 3329 remisit
444 3267 496 3348 pd.
520 3267 682 3350 Marjoriae
704 3266 790 3350 quod
812 3287 878 3331 non
900 3268 1005 3332 solvat
1026 3270 1091 3333 nisi
1115 3269 1164 3332 Sd
1187 3289 1217 3352 p.
1240 3289 1267 3334 a.
1289 3274 1434 3350 tempore

298 3349 393 3414 dictae
419 3351 582 3435 Marjoriae
597 3391 634 3401 --
650 3359 683 3418 et
709 3354 766 3418 dat
790 3373 847 3436 pro
872 3355 1049 3438 grisumma
1077 3355 1148 3420 lad.
1175 3361 1209 3420 et
1233 3354 1434 3420 condonatur

296 3457 400 3519 nsque
415 3437 457 3501 ad
473 3438 523 3502 ed.
535 3439 674 3503 -Item
689 3440 742 3522 pd.
758 3440 912 3524 Marjoria
927 3442 1013 3526 oepit
1028 3462 1126 3505 unam
1141 3446 1259 3506 terram
1273 3440 1433 3505 husband’

294 3523 355 3587 viz.
377 3544 480 3588 unum
503 3545 579 3589 mes.
595 3532 628 3590 et
643 3526 723 3610 xviij
747 3547 835 3591 acras
861 3533 954 3592 terrae
976 3549 1050 3592 cum
1069 3529 1151 3612 ptin.
1174 3548 1247 3611 quae
1269 3527 1432 3610 quondam

295 3611 401 3676 dictus
416 3611 439 3676 J
440 3612 583 3676 ohannes
605 3612 740 3677 maritus
755 3613 849 3678 dictae
864 3614 1026 3698 Marj0riae
1040 3617 1130 3699 prius
1144 3615 1268 3679 tenuit:
1294 3613 1430 3678 habend.

294 3705 328 3762 et
349 3699 478 3764 tenend.
493 3699 534 3763 ad
556 3704 647 3764 term.
664 3700 741 3764 vitae
756 3721 839 3764 suae:
865 3700 952 3766 redd.
967 3723 997 3786 p.
1013 3723 1039 3765 a.
1056 3702 1224 3784 antiquam
1247 3701 1371 3764 firmam
1398 3705 1432 3763 et

295 3785 457 3850 edificabit
479 3807 578 3851 unam
594 3787 725 3851 domum
746 3787 831 3851 infra
853 3807 975 3851 annum
997 3788 1181 3872 sumptibus
1204 3788 1271 3852 suis
1292 3787 1432 3870 propriis

295 3877 328 3934 et
350 3873 456 3937 reddit
477 3895 534 3958 pro
549 3874 685 3957 girs’m’a
703 3877 767 3937 lts.
785 3873 835 3938 ld.
851 3894 923 3956 quae
945 3875 1145 3939 condonatur
1162 3873 1319 3958 usquead
1337 3873 1431 3937 lod:

295 3956 380 4040 Pleg.
396 3966 488 4024 terrae
499 3981 597 4043 quam
610 3961 793 4045 grisummae
808 3965 840 4024 et
852 3961 997 4024 omnium
1012 3961 1306 4026 aliorumdominus
1321 3960 1430 4023 Ricar-

294 4040 355 4105 dus
370 4042 410 4106 de
421 4045 613 4111 Wolueston
627 4046 809 4111 vicariusde
823 4046 946 4111 Dulton
961 4048 1158 4112 etRicardus
1170 4047 1210 4111 de
1225 4047 1431 4130 Meryngton.

294 4128 515 4195 -Johanne's
527 4132 613 4196 filius
625 4133 785 4196 Johannis
797 4132 1432 4218 Dawsonoepitdnasterroshusbando-

294 4233 366 4277 rum
378 4234 514 4295 quarum
529 4217 680 4299 quaelibet
696 4219 841 4282 continet
852 4220 932 4303 xviij
945 4240 1034 4285 acras
1046 4241 1126 4304 quas
1141 4221 1249 4285 dictus
1263 4220 1286 4283 J
1288 4219 1431 4284 ohannes

293 4300 436 4363 Dawson
450 4302 540 4383 prius
554 4305 678 4368 tenuit:
693 4304 829 4370 habend.
846 4310 879 4370 et
893 4307 1023 4372 tenend.
1041 4307 1082 4372 ad
1096 4314 1187 4372 term.
1199 4327 1318 4370 novem
1333 4327 1430 4370 anno·

293 4407 382 4450 rum:
397 4387 483 4452 redd.
495 4409 525 4472 p.
538 4409 564 4453 a.
574 4390 742 4473 antiquam
753 4391 887 4468 firmam,
899 4399 932 4457 et
940 4393 1046 4458 reddit
1055 4414 1112 4476 pro
1123 4393 1262 4478 girs’m’a
1272 4413 1331 4476 pro
1341 4393 1430 4456 dicto

291 4479 434 4559 tempore
449 4495 566 4540 novem
581 4496 737 4541 annorum
754 4477 843 4543 lod:
869 4479 956 4563 Pleg.
972 4480 1012 4545 de
1027 4481 1119 4544 firma
1134 4486 1168 4544 et
1183 4480 1332 4543 omnibus
1347 4477 1431 4554 aliis,

291 4561 440 4624 dominus
455 4563 610 4626 Ricardus
624 4562 664 4626 de
679 4562 868 4628 Wolneston
884 4565 1023 4631 vicarius
1039 4567 1181 4632 ecclesiae
1196 4567 1236 4631 de
1258 4566 1381 4630 Dalton
1396 4571 1430 4628 et
