3278 5204
200 584 292 646 1366.
461 597 620 646 Hannone
635 597 818 648 PRIORATUS
833 597 1076 650 DUNELMENSIS.
1296 591 1336 650 53

194 753 226 818 S.
250 753 398 833 Th0mas,
412 754 516 820 called
538 755 594 820 the
617 755 752 840 Martyr,
766 757 790 821 J
791 754 851 840 nly
867 757 884 826 7
908 755 944 820 in
962 757 1153 843 1366=D.]‚
1167 764 1202 823 et
1222 758 1335 842 reponi

192 841 317 904 faciant
341 841 374 906 le
400 841 609 926 Merkstanys
635 848 669 908 et
693 848 916 926 purpresturas
946 844 1048 910 lactas
1077 866 1135 930 per
1159 845 1334 910 Ricardum

192 927 299 991 filium
314 929 486 1010 Reginaldi
507 930 568 994 sub
583 949 680 1012 poena
695 930 767 994 lod.
778 967 823 979 -
834 930 886 994 De
901 931 1040 998 Robsrto
1063 933 1175 998 Oartsr
1188 953 1246 1016 pro
1267 953 1332 998 uno

192 1015 271 1079 mes'
283 1019 317 1080 et
327 1036 397 1099 xnrJ
411 1036 499 1080 acras
514 1021 607 1081 terrae
617 1036 690 1100 quae
705 1017 837 1082 fuerunt
851 1017 981 1082 Thomae
992 1019 1173 1104 Rogerson:
1194 1018 1331 1086 habena

193 1106 228 1165 et
237 1102 365 1166 tenend.
379 1102 421 1166 ad
431 1109 522 1168 term.
533 1103 610 1168 vitae
621 1123 704 1168 suae:
719 1103 804 1168 redd.
819 1104 983 1169 Scaccario
994 1105 1031 1168 in
1045 1105 1094 1190 iiij
1109 1106 1222 1190 primis
1237 1107 1332 1171 annis

192 1207 252 1270 pro
268 1187 412 1271 quolibet
434 1209 519 1254 anno
537 1194 622 1254 lla:
645 1195 678 1256 ct
691 1196 804 1274 postea
826 1192 993 1275 antiquam
1007 1192 1151 1258 firmam:
1174 1197 1207 1256 at
1222 1193 1331 1258 debita

191 1274 348 1338 servicia:
369 1276 473 1359 primo
489 1277 625 1341 termino
648 1277 822 1342 solucionis
842 1278 1018 1362 incipiente
1041 1279 1082 1344 ad
1103 1280 1224 1344 festum
1239 1280 1331 1346 Pent.

191 1360 292 1426 Anno
313 1362 448 1426 Domini
463 1368 522 1429 eto.
537 1363 654 1448 lxvij0:
676 1369 709 1427 et
723 1363 828 1429 solvet
847 1365 998 1430 Bursario
1012 1386 1071 1448 pro
1092 1367 1156 1430 isto
1171 1385 1256 1430 anno
1271 1386 1330 1450 pro

190 1454 279 1512 terra
307 1450 495 1515 seminanda
524 1456 557 1514 et
586 1450 628 1514 di.
652 1451 713 1515 aer'
733 1451 887 1515 frumenti
910 1457 974 1516 16s.
1002 1453 1070 1516 6d.:
1101 1453 1144 1518 Et
1168 1452 1329 1518 Dominus

190 1533 279 1599 infra
291 1539 356 1600 tres
370 1556 473 1601 annos
487 1537 659 1601 aedificabit
673 1558 773 1602 unam
784 1537 916 1602 domum
927 1545 1161 1622 competentem
1172 1561 1229 1624 pro
1241 1560 1330 1605 mora

191 1628 296 1686 suaet
310 1622 446 1706 ipsemet
456 1624 616 1708 reparabit
630 1645 730 1688 unam
744 1625 909 1708 grangiam
919 1625 1133 1690 sufficientem
1143 1627 1328 1711 sumptibus

190 1707 261 1772 suis
286 1709 422 1792 propriis
449 1711 534 1776 unde
560 1711 705 1776 nondum
731 1711 906 1796 in[cepit?]
930 1761 937 1777 .
961 1761 968 1777 .
992 1761 998 1777 .
1022 1713 1062 1778 de
1082 1714 1218 1796 gres'ma
1239 1713 1328 1778 ltd.:

189 1795 391 1860 condonatur
403 1817 461 1880 par
482 1798 658 1863 terrarium.
669 1833 714 1844 -
724 1799 804 1863 Dies
827 1798 902 1862 data
917 1805 966 1863 est
976 1800 1040 1881 jur'
1054 1799 1141 1882 quod
1163 1800 1330 1884 inquirant

189 1886 226 1946 et
239 1889 427 1966 presentant
442 1884 512 1968 [cio]
528 1884 570 1949 ad
583 1884 719 1968 proxim'
734 1885 774 1950 de
798 1885 922 1949 duabus
944 1885 1085 1969 grangiis
1107 1887 1277 1970 prostratis
1292 1887 1328 1950 in

189 1972 307 2034 tenura
319 1970 480 2035 Willclmi
493 1971 637 2048 Dauson,
652 1971 693 2036 ad
708 1972 890 2055 inquirend'
905 1971 1033 2054 adquae
1048 1972 1184 2057 dampn'.

234 2056 405 2121 Fcrwnn
450 2058 501 2122 De
522 2058 658 2123 Ricardo
682 2058 798 2123 Sibson
819 2078 876 2141 pro
891 2057 986 2122 freth'
1008 2058 1098 2123 fract'
1112 2060 1148 2122 in
1168 2058 1201 2123 le
1222 2059 1328 2137 Boru',

189 2149 287 2225 prout
302 2148 500 2227 compertum
515 2151 565 2209 est
578 2165 636 2228 per
646 2145 720 2229 jur',
733 2145 773 2208 de
787 2165 884 2228 poena
900 2145 949 2209 ed.

233 2229 465 2294 ansrowu.
507 2232 558 2296 De
569 2236 639 2296 tota
652 2231 767 2295 villata
778 2230 818 2296 de
829 2232 1018 2314 Wyuestow
1029 2232 1106 2315 quia
1121 2253 1186 2296 non
1201 2251 1327 2316 repara-

188 2321 309 2380 verunt
329 2317 512 2382 berkarium
531 2325 628 2401 prout
649 2318 831 2383 habuerunt
847 2317 933 2382 diem
952 2318 988 2382 in
1009 2319 1134 2382 ultimis
1154 2319 1328 2397 Halmotis,

188 2402 230 2467 de
244 2423 341 2486 poena
359 2404 429 2469 rad.
473 2405 516 2468 Et
530 2406 716 2489 injunctum
737 2410 787 2469 cat
802 2404 922 2470 eisdem
938 2405 1025 2488 qnod
1044 2406 1184 2489 reparari
1205 2405 1327 2472 faciant

187 2489 376 2573 praedictam
391 2491 571 2556 barkariam
585 2492 666 2556 citra
679 2512 768 2576 prox.
784 2491 906 2556 curiam
921 2493 982 2556 sub
996 2511 1092 2574 poena
1111 2497 1173 2556 13s.
1191 2493 1242 2557 4d.

235 2577 411 2642 Susanna·
434 2579 486 2642 De
508 2579 658 2643 omnibus
680 2579 867 2643 tenentibus
884 2577 972 2642 villae
995 2579 1071 2662 quia
1092 2599 1158 2642 non
1181 2579 1327 2644 fecerimt

186 2662 221 2726 le
235 2663 322 2728 thew
337 2671 433 2748 prout
447 2665 632 2749 injunctum
647 2666 711 2729 fuit
725 2666 772 2730 eis
788 2666 823 2729 in
844 2664 970 2729 ultimis
987 2665 1160 2743 Halmotis,
1175 2665 1214 2730 de
1229 2686 1326 2749 poena

187 2749 253 2814 alia
264 2751 417 2834 imposita
428 2752 501 2817 4οἀ
512 2787 556 2798 -
566 2753 617 2816 De
630 2753 724 2816 Petro
735 2751 866 2816 Homan
877 2752 954 2835 quia
965 2751 1061 2836 fregit
1075 2752 1326 2816 convencionem

187 2837 308 2901 factam
331 2857 406 2902 cum
427 2838 564 2904 Ricardo
587 2839 626 2904 de
648 2839 769 2903 Birden
787 2859 854 2902 non
875 2837 1101 2902 commorando
1123 2858 1197 2902 eum
1212 2838 1283 2921 ipso
1305 2859 1325 2902 a

185 2924 272 2988 festo
295 2924 325 2989 S.
351 2925 439 2990 Petri
461 2928 503 2989 ad
524 2925 656 2990 vincula
677 2946 763 2990 anno
784 2930 843 2990 etc.
867 2926 939 2988 lxv⁰
959 2945 1062 3008 usque
1084 2924 1126 2988 ad
1149 2924 1269 2988 festum
1292 2924 1323 2989 S.

187 3010 360 3076 Michaelis
383 3017 461 3076 tuno
485 3033 573 3096 prox.
596 3032 741 3096 sequens,
762 3019 857 3096 prout
879 3018 1079 3094 compertum
1101 3017 1152 3074 est
1173 3030 1231 3093 per
1251 3011 1324 3093 jur',

186 3097 228 3162 de
251 3097 378 3183 dampn'
401 3099 548 3182 predicti
567 3098 697 3162 Ricardi
720 3098 802 3174 lod„
825 3098 865 3162 de
887 3097 1105 3161 misericordia
1128 3096 1324 3162 3d.—Dies

184 3183 282 3248 datus
305 3191 354 3250 cst
375 3186 480 3250 eidem
502 3186 544 3249 ad
565 3185 698 3250 faciend’
714 3184 818 3268 legem
840 3204 933 3248 suam
954 3204 1027 3248 cum
1049 3189 1142 3248 sexta
1162 3204 1261 3248 manu
1284 3184 1323 3249 de

185 3291 225 3335 ao
241 3273 327 3354 quod
349 3293 416 3336 non
429 3272 507 3336 fecit
529 3272 778 3336 convencionem
792 3292 866 3336 cum
881 3270 1014 3354 praefato
1029 3270 1222 3396 Rieardo'taod
1244 3271 1323 3354 [non

183 3357 1172 3594 {pgfflllttlltjtltessetltlittltillati
1193 3379 1324 3510 litt

250 3551 274 3596 s.

229 3618 469 3683 BYLLYNGHAM.
530 3619 720 3702 Injunetum
757 3623 807 3684 cst
836 3619 983 3682 omnibus
1020 3619 1206 3682 tenentibus
1235 3618 1322 3682 villae

182 3704 274 3787 quod
296 3705 434 3788 quilibet
457 3725 566 3770 eorum
588 3705 724 3769 mundet
749 3725 878 3768 cursum
902 3725 993 3788 aquae
1012 3709 1045 3767 et
1070 3711 1204 3768 evacuet
1229 3704 1320 3766 illam

183 3811 261 3856 cum
275 3792 486 3875 praemunitus
501 3791 599 3856 fuerit
612 3812 670 3874 per
683 3791 890 3874 praepositum
901 3792 954 3856 vel
968 3789 1147 3875 ponderum
1161 3789 1248 3852 villae
1259 3791 1320 3854 sub

182 3898 281 3962 poena
297 3878 368 3943 lod.
384 3878 524 3943 solvend’
539 3878 704 3962 perillum
719 3877 826 3960 quiin
842 3878 979 3942 deffectu
992 3876 1154 3959 reperitur.

227 3966 448 4030 Wonussrort.
486 3966 686 4049 Praeceptum
697 3971 746 4029 est
757 3964 931 4028 attachiare
946 3963 1084 4027 Aliciam
1096 3961 1136 4025 de
1146 3961 1320 4047 Bellassyis

183 4056 219 4115 et
240 4051 400 4134 Agnetam
422 4051 701 4136 Gibbesdoughter
726 4051 767 4114 ad
793 4051 915 4115 essend’
941 4050 994 4114 hic
1018 4049 1059 4113 ad
1084 4069 1173 4133 prox.
1195 4050 1319 4115 dicend'

183 4158 283 4220 quare
297 4144 467 4202 testatores
482 4139 569 4203 villae
584 4159 649 4202 non
664 4138 783 4202 debent
797 4138 916 4202 intrare
930 4156 988 4220 pro
1003 4135 1113 4200 ceruis'
1129 4137 1196 4200 aas'.

228 4223 534 4290 NnunoN-Knmom
590 4224 755 4289 Walterus
777 4223 926 4308 Bischop,
948 4223 1103 4288 Ricardus
1126 4223 1165 4286 de
1187 4223 1319 4288 Neuton

182 4315 217 4374 et
246 4311 406 4376 Robertus
438 4311 528 4389 Wili,
557 4312 628 4394 jur’.
688 4311 877 4394 Inquiratur
909 4311 949 4374 de
982 4309 1088 4375 Alano
1122 4310 1161 4374 de
1193 4311 1319 4377 Katton

182 4396 213 4461 si
237 4402 386 4462 tenentes
412 4397 547 4462 Domini
573 4398 694 4481 depaat'
719 4398 852 4461 fuerunt
874 4402 1038 4482 pasturam
1063 4396 1197 4460 Domini
1222 4398 1319 4478 perti-

181 4491 315 4548 nentem
351 4485 494 4549 mancrio
524 4485 601 4568 quia
637 4485 723 4548 idem
759 4490 907 4548 tenentes
943 4503 977 4547 se
1012 4489 1188 4567 posuerunt
1224 4503 1320 4565 super

180 4570 379 4637 servientem
419 4571 618 4656 praedictum
630 4572 735 4636 --Dc
765 4571 906 4654 praefatis
942 4571 1005 4654 jur’
1042 4571 1119 4653 quia
1147 4568 1320 4632 noluerunt
