3278 5204
316 527 356 590 74
573 543 732 594 6161611
746 543 929 595 1616111116
943 544 1185 596 6116161616.
1356 538 1451 600 1366.

313 705 478 764 66666616
492 701 650 785 estquod
672 701 832 768 Robertus
853 701 942 768 filius
964 702 1096 768 Riaardi
1117 702 1215 769 habet
1236 723 1339 768 unum
1360 709 1453 770 tene-

311 793 460 852 mentum
473 807 614 852 saeuum
624 789 738 872 jaoens
751 810 810 875 per
822 789 911 873 quod
924 789 1106 854 eommunis
1127 789 1285 856 transitus
1299 791 1338 856 fit
1352 812 1450 875 super

310 871 397 938 blad’
426 873 682 940 dominicorum:
714 882 749 942 et
773 876 860 960 quod
889 876 1049 942 Ricardus
1074 877 1196 942 Person
1219 877 1318 942 habet
1343 898 1451 944 unum

308 959 481 1044 gardinum
489 981 548 1046 661
557 962 644 1044 quod
655 963 694 1026 fit
704 962 885 1028 oonsimilis
895 963 1078 1029 6166661616.
1123 963 1203 1030 Ideo
1211 964 1269 1029 fiat
1278 985 1446 1049 616666616

310 1051 423 1112 eontra
437 1068 491 1113 666
505 1048 547 1112 61
562 1049 652 1113 Oom'
667 1054 728 1114 eto.

352 1134 693 1201 Wssr-Mmmoros.
738 1135 932 1202 ordinatum
954 1136 1053 1200 66616
1067 1138 1157 1200 ouria
1170 1137 1255 1201 inter
1268 1137 1448 1202 Robertum

308 1219 415 1286 filium
428 1221 568 1299 l'homae,
581 1224 606 1288 J
606 1223 768 1288 ohannem
782 1222 889 1286 filium
898 1221 988 1300 Adae,
999 1229 1033 1288 et
1044 1224 1217 1308 Hugonem
1228 1224 1349 1288 Patson
1360 1224 1448 1288 inter

310 1327 392 1390 quos
405 1308 447 1372 lis
463 1313 496 1372 et
510 1309 679 1374 contencio
693 1310 906 1375 movebantur
923 1309 1010 1392 quod
1032 1310 1143 1376 nullus
1158 1330 1269 1374 eorum
1283 1310 1323 1374 de
1338 1315 1446 1375 666616

308 1393 561 1478 transgrediatur
581 1395 675 1461 616611
696 1396 793 1461 116616
814 1397 868 1461 vel
887 1395 991 1472 166616,
1013 1397 1075 1460 6111
1097 1416 1193 1481 poena
1216 1403 1281 1463 406
1299 1396 1446 1462 solvand'

309 1499 368 1564 per
381 1479 477 1544 illum
490 1481 549 1565 qui
563 1481 600 1544 in
614 1482 754 1548 deffectu
767 1483 932 1566 reperitur.

352 1567 656 1633 Esr-Mmmoros.
702 1569 893 1652 Injunotum
914 1575 964 1634 est
981 1569 1179 1652 juratoribus
1201 1569 1288 1652 quod
1309 1570 1446 1635 videant

308 1672 413 1718 unum
427 1655 589 1738 ootagium
609 1655 694 1742 Agn'
709 1655 784 1720 filiae
805 1655 894 1720 Petri
916 1654 1002 1740 quod
1024 1655 1180 1720 Rioordus
1202 1655 1290 1720 filius
1311 1656 1445 1720 Thomae

309 1745 445 1824 ooeupat
462 1747 501 1806 16
523 1746 630 1807 oustos
651 1742 756 1826 166116
775 1741 858 1826 Agn'
880 1761 918 1808 eo
943 1741 1031 1825 quod
1055 1742 1141 1806 inlra
1166 1747 1295 1808 aetatem
1317 1742 1384 1806 fuit
1410 1749 1444 1807 et

307 1832 504 1911 praesenteut
524 1829 605 1894 eitra
626 1829 717 1913 prox'
742 1828 771 1894 si
796 1828 1006 1894 deterioratur
1028 1834 1062 1893 et
1081 1848 1141 1911 per
1160 1848 1259 1912 quam
1280 1848 1445 1893 summam
1557 1845 1560 1849 ·

306 1921 416 1998 potest
435 1916 622 1981 reaedificari
643 1921 701 1982 eto.
713 1953 756 1963 -
768 1915 962 1981 Ordinatom
983 1918 1033 1979 est
1054 1934 1096 1978 ex
1117 1915 1281 1980 communi
1306 1935 1444 1980 6666661

307 2002 395 2084 quod
419 2003 558 2086 quilibet
583 2023 694 2068 eorum
722 2006 855 2066 teneant
879 2001 974 2066 hirsil
998 2021 1074 2065 oum
1102 2001 1294 2066 omnimodis
1324 2003 1443 2066 averiis

308 2088 385 2152 suia
397 2089 495 2152 -Et
508 2089 595 2172 quod
609 2089 748 2173 quilibet
761 2095 873 2173 666666
887 2106 1093 2152 communem
1106 2088 1198 2172 poro'.

349 2172 499 2241 1166161.
542 2173 593 2240 De
607 2175 754 2240 Elizabet
775 2175 816 2240 de
837 2173 1014 2240 Oleueland
1034 2194 1093 2257 pro
1106 2174 1193 2257 loys:
1215 2173 1297 2257 pleg’
1319 2174 1444 2239 Rober-

305 2263 360 2324 tus
389 2259 566 2344 Langbayn
594 2261 672 2344 quia
700 2281 772 2326 sam
807 2261 987 2344 inhospitat
1022 2260 1246 2344 respondebit:
1278 2259 1329 2324 61.
1388 2261 1442 2324 Ι)6

305 2343 453 2409 Elimbet
481 2346 600 2410 6661116
628 2348 709 2412 Adae
738 2346 778 2412 de
808 2347 967 2413 Hesilden
995 2366 1053 2430 pro
1082 2346 1214 2410 eodem:
1242 2346 1323 2430 plag.
1349 2344 1442 2411 idem

305 2431 412 2494 Adam
427 2431 504 2518 quia
525 2453 597 2497 eam
617 2433 799 2517 inhospitat
819 2433 1045 2518 respondebit:
1061 2432 1166 2498 61·-
1176 2433 1336 2498 Robertus
1351 2433 1442 2498 filius

305 2517 434 2582 Matild'
455 2519 547 2584 venit
571 2519 625 2584 hio
650 2520 687 2585 in
713 2521 778 2585 our'
801 2525 834 2584 et
860 2521 946 2604 66616
967 2518 1175 2584 medietatem
1197 2519 1294 2583 16116
1320 2521 1442 2603 ootagii

303 2605 392 2689 quod
413 2604 571 2670 dividitur
591 2606 627 2670 in
649 2606 729 2671 1166
751 2612 860 2691 661666
881 2627 980 2691 quam
995 2605 1123 2670 Matild’
1139 2605 1336 2689 Fayertwyff
1346 2607 1441 2689 prius

301 2692 411 2757 tenuit
433 2698 466 2757 et
490 2713 589 2776 quam
614 2693 781 2758 Johannes
807 2694 923 2759 Gilson
948 2693 1065 2758 ultimo
1089 2692 1213 2756 tenuit:
1241 2692 1379 2757 habend'
1406 2700 1443 2758 et

302 2781 370 2844 ten'
391 2779 433 2844 61
454 2786 545 2845 66161.
560 2781 637 2845 vitae
658 2800 745 2845 suae:
766 2781 853 2844 redd
877 2780 1046 2863 antiquam
1066 2779 1212 2842 firmam:
1234 2785 1268 2843 et
1288 2779 1442 2844 iaciendo

301 2867 444 2931 Domino
459 2872 493 2968 66
505 2867 623 2932 vicinis
633 2886 706 2949 quae
721 2866 923 2966 incumbunt
961 2865 1047 2966 Pleg.
1063 2901 1077 2914 ·
1092 2901 1105 2914 -
1120 2865 1164 2929 Et
1177 2865 1266 2930 idem
1277 2864 1440 2930 Robertus

302 2950 1333 3137 611111116116111161616616666
1354 2972 1442 3103 1111

300 3127 416 3191 666116.
459 3127 503 3191 Et
516 3127 707 3210 pradictum
728 3126 891 3210 rotagium
912 3125 1096 3208 sumptibus
1111 3124 1178 3190 suis
1192 3124 1331 3208 61661116
1345 3144 1440 3208 1666-

302 3213 388 3276 rabit
402 3219 435 3277 et
448 3214 673 3278 manutenebit
688 3233 725 3278 eo
740 3233 805 3297 quo
819 3213 915 3277 modo
928 3215 1108 3296 6166616611
1121 3211 1157 3274 16
1171 3209 1310 3276 deffectu
1331 3211 1439 3296 ipsius

302 3297 436 3362 Roberti
465 3319 523 3381 pro
553 3318 590 3362 6ο
619 3299 706 3382 quod
735 3298 822 3364 idem
848 3299 1007 3364 Robertus
1036 3303 1075 3362 16
1100 3303 1252 3362 executor
1275 3297 1440 3380 praediotae

301 3383 430 3449 Matild'
452 3384 551 3448 habet
570 3384 607 3446 in
629 3405 728 3449 manu
750 3405 809 3450 616
826 3388 870 3450 ts.
892 3385 932 3450 16
955 3384 1084 3468 dampn’
1106 3383 1279 3467 adjudicat
1296 3403 1354 3468 per
1373 3384 1438 3466 jur'

301 3469 381 3535 dum
395 3470 461 3534 fuit
474 3470 510 3533 in
523 3473 638 3534 tenura
651 3471 814 3554 praediotae
828 3471 966 3547 Matild’,
976 3492 1057 3556 quos
1071 3471 1240 3554 praedictos
1254 3473 1271 3535 7
1275 3490 1299 3535 6.
1310 3470 1437 3534 solvere

300 3557 441 3622 noluerit
462 3561 606 3642 tempore
627 3556 736 3622 debito
762 3558 917 3643 praedioto
937 3557 1082 3623 Johanni
1104 3557 1220 3622 Gilson
1244 3557 1286 3621 61
1310 3576 1439 3640 166616-

299 3645 427 3710 eionem
441 3643 588 3730 praedieti
601 3643 727 3728 ootagii
772 3644 873 3731 [Η616
895 3646 933 3709 io
953 3645 1042 3708 dorso
1062 3643 1162 3708 isthe
1178 3647 1313 3729 rupture
1327 3643 1364 3707 of
1378 3643 1438 3708 the

299 3753 334 3797 1ο
361 3783 368 3798 .

343 3819 534 3886 Haemum.
578 3818 631 3884 De
654 3817 775 3883 Oeoilia
801 3816 921 3900 Oubry,
947 3815 1069 3881 Oeoilia
1089 3816 1130 3880 16
1152 3815 1244 3893 Hert,
1271 3835 1329 3899 pro
1353 3814 1436 3899 leyr,

296 3906 384 3970 unde
406 3906 566 3973 Robertus
587 3905 747 3969 firmarius
769 3902 986 3988 respondebit,
1007 3904 1085 3987 quia
1106 3923 1178 3967 eam
1199 3900 1379 3986 hospitavit
1401 3909 1437 3966 et

299 3993 511 4074 praemunitus
536 3992 600 4056 fuit
624 4011 682 4075 661
706 3991 925 4075 praepositum,
950 3991 990 4056 de
1019 3990 1122 4056 altera
1150 4009 1259 4054 earum
1287 3988 1336 4053 61.
1382 3988 1436 4053 Ι)6

300 4077 483 4158 Margarets
498 4077 637 4142 Oaluerd
650 4098 709 4161 pro
720 4077 833 4143 eodem
848 4097 920 4143 oum
937 4077 1102 4161 capellano
1120 4075 1191 4140 121.
1227 4076 1279 4141 De
1293 4073 1436 4140 Mariota

298 4163 340 4227 de
365 4161 495 4226 Marton
520 4182 577 4244 pro
602 4163 715 4227 eodem
742 4165 909 4230 td-De
938 4164 1074 4229 Ricardo
1099 4164 1236 4228 Watson
1261 4161 1434 4247 quianon

298 4248 461 4333 reparavit
481 4268 581 4312 unam
610 4269 767 4314 eameram
796 4272 836 4316 ex
865 4255 956 4335 parte
981 4249 1102 4316 boreali
1125 4253 1222 4333 prout
1247 4250 1435 4333 injunctum

298 4337 371 4414 eibi,
386 4335 425 4399 de
440 4334 657 4398 misericordia
673 4335 722 4400 ed.
766 4338 957 4420 Injunotum
971 4344 1022 4402 est
1035 4335 1209 4420 praeposito
1223 4340 1256 4401 et
1266 4336 1329 4419 jur’
1344 4335 1434 4420 quod

297 4423 439 4511 reparari
460 4422 582 4486 faciant
603 4421 790 4504 praedietam
815 4443 976 4488 eameram
1001 4427 1035 4487 et
1056 4424 1158 4488 661616
1182 4421 1263 4486 duas
1284 4422 1433 4505 grangias

297 4532 385 4578 nune
405 4513 580 4595 6166616666
601 4509 638 4572 16
658 4513 773 4573 666116
794 4510 939 4592 praedicti
965 4509 1095 4574 Ricardi
1120 4509 1161 4574 ad
1183 4508 1304 4592 oustag’
1327 4508 1432 4591 166116

298 4598 429 4666 Rioardi
444 4598 524 4663 eitra
537 4597 656 4662 festum
673 4595 702 4662 S.
719 4597 889 4662 Michaelis
911 4596 999 4680 prox’
1015 4615 1154 4679 sequeus
1176 4594 1237 4660 sub
1252 4613 1349 4678 prena
1365 4599 1432 4658 20s.
