3278 5204
208 571 300 635 1371.
472 586 1083 637 1111111111111111111111111111.
1282 579 1343 640 101

203 742 239 805 in
260 763 395 807 uxorem
415 748 507 808 tenet
527 745 661 809 terciam
682 749 805 829 partem
828 746 841 828 j
865 765 942 810 mes.
966 752 1000 810 at
1025 745 1061 810 xl
1082 767 1171 812 acras
1192 752 1285 812 terrae
1307 748 1343 812 in

204 829 313 894 dotem
325 853 334 909 ;
359 835 393 894 et
414 831 460 913 xij
485 851 573 896 acras
595 837 688 897 terrae
709 853 751 897 ex
777 833 950 916 conjuncto
972 833 1166 898 leofamento
1188 835 1229 899 ad
1252 841 1342 902 term.

202 915 278 980 vitae
292 915 397 1000 ipsius
420 917 472 982 Is'.
516 919 560 982 Et
582 917 703 983 Oecilia
723 919 764 983 de
787 919 943 984 Gretham
964 924 1055 984 tenet
1076 921 1123 1003 xij
1140 941 1228 985 acras
1249 928 1343 987 terrae

202 1001 244 1065 ad
257 1007 349 1067 term.
364 1003 450 1079 vitea,
464 1025 537 1088 quae
552 1005 685 1089 quidam
700 1011 785 1069 terra
799 1011 832 1070 et
853 1004 918 1070 ten'
934 1005 1054 1070 debent
1068 1008 1187 1072 reverti
1209 1009 1341 1091 praefato

202 1089 376 1154 Willelmo
421 1091 465 1153 Et
479 1091 581 1155 eciam
596 1098 698 1156 mater
713 1091 794 1156 dicti
814 1093 838 1156 J
839 1092 976 1156 ohannis
991 1097 1082 1157 tenet
1097 1092 1138 1158 11
1158 1099 1250 1158 term.
1265 1096 1342 1160 vitae

201 1175 242 1240 de
266 1176 332 1240 hed
355 1176 503 1260 praedioti
524 1177 685 1242 «Iohannis
707 1197 810 1242 unum
832 1199 909 1243 mes.
934 1179 1028 1263 xxiiij
1057 1199 1146 1244 acras
1172 1201 1213 1245 ex
1242 1180 1342 1245 leofa-

201 1268 312 1327 mento
337 1262 486 1346 praedicti
515 1264 818 1329 Willelmi-Md,
850 1265 889 1329 de
918 1285 985 1329 uno
1013 1285 1090 1330 mes.
1120 1272 1153 1331 et
1181 1268 1227 1350 vij
1258 1268 1340 1334 aeris

201 1354 293 1414 terrae
304 1370 377 1434 quae
391 1351 525 1414 fuerunt
539 1351 562 1415 J
564 1351 702 1415 ohannis
714 1351 754 1416 de
765 1351 982 1415 Edmondbirs
994 1357 1027 1416 et
1038 1373 1111 1437 quae
1119 1353 1248 1417 Matild’
1259 1375 1341 1419 uxor

201 1436 270 1519 ejus
288 1437 360 1519 jam
375 1436 522 1501 defuncti
544 1438 614 1522 [aie]
637 1437 745 1502 tenuit
764 1439 800 1502 in
823 1438 931 1502 dotem
953 1439 993 1503 de
1007 1439 1194 1505 haereditate
1210 1441 1340 1506 Thomee

201 1521 259 1606 [eo]
275 1529 308 1587 et
322 1523 398 1588 haer’
412 1524 560 1607 praedieti
579 1526 602 1589 J
604 1524 742 1589 ohannis
753 1525 823 1608 jam
837 1524 983 1589 defuncti
1004 1546 1077 1610 quae
1091 1527 1115 1591 J
1116 1526 1244 1592 ohanna
1258 1549 1340 1592 uxor

200 1610 348 1692 praedicti
362 1610 493 1674 Thomae
507 1617 644 1695 occupat
658 1617 692 1676 et
705 1611 889 1694 inquiratur
903 1632 967 1695 quo
978 1612 1050 1694 jure
1066 1617 1099 1676 et
1112 1633 1176 1696 quo
1187 1620 1338 1698 tempore.

244 1697 390 1761 0111111
433 1699 485 1762 Ι)1
508 1696 629 1762 0111111
643 1697 871 1782 Densdoghter
889 1719 947 1781 pro
969 1697 1039 1782 leyr
1055 1698 1105 1763 61.
1116 1700 1338 1766 —Johannes

200 1782 273 1846 'lidi
287 1820 302 1830 -
318 1821 331 1832 ·
347 1804 450 1847 unum
464 1785 626 1869 cotegium
647 1785 764 1849 ultimo
779 1785 815 1848 in
830 1792 946 1850 tenum
960 1785 1121 1850 «Iohannis
1143 1786 1280 1851 Frankis
1295 1825 1308 1836 -
1325 1825 1337 1836 -

200 1889 303 1953 usquc
326 1870 368 1934 ad
391 1870 523 1953 plenam
548 1875 678 1936 aetatem
704 1871 778 1936 haer’
800 1871 931 1935 Thomae
956 1871 997 1936 de
1019 1872 1121 1955 Fery:
1147 1873 1233 1937 redd.
1256 1894 1286 1956 p.
1309 1894 1337 1940 a

204 1956 292 2021 18d.:
314 1961 348 2022 et
362 1957 464 2022 eciam
485 1957 521 2042 iij
539 1978 627 2022 acras
641 1964 735 2022 terrae
755 1957 873 2022 ultimo
897 1958 935 2021 in
955 1962 1071 2022 tenura
1092 1959 1116 2024 J
1117 1958 1254 2023 ohannis
1275 1959 1337 2024 filii

199 2043 333 2108 Roberti
348 2064 445 2127 super
458 2044 489 2110 le
506 2043 632 2110 Oolfiat'
649 2044 778 2109 t--ad
792 2051 883 2109 term
898 2045 997 2108 vitae:
1017 2044 1337 2128 1111111211.-

199 2129 337 2194 Thomas
353 2131 446 2194 Murt
460 2168 473 2180 ·
489 2169 502 2180 -
514 2132 527 2216 j
544 2130 707 2214 cotagium
720 2131 838 2195 ultimo
849 2131 885 2195 in
899 2136 1017 2196 tenura
1032 2131 1172 2196 Gilberti
1187 2133 1280 2197 Murt
1294 2171 1308 2183 ·
1324 2171 1338 2182 -

199 2215 241 2280 ad
255 2216 458 2282 voluntatem
473 2218 614 2282 Domini.

242 2303 470 2370 Wmmusnou.
524 2306 715 2388 Injunetum
737 2310 787 2369 est
808 2304 954 2369 «Iohanni
974 2304 1014 2369 de
1035 2304 1216 2390 Houghton
1241 2312 1279 2371 ut
1300 2307 1336 2371 in

198 2389 326 2454 ultimis
348 2391 457 2456 Halm
480 2392 567 2475 quod
588 2391 737 2456 amestani
762 2391 860 2455 faciat
882 2391 967 2456 blad’
990 2396 1023 2456 et
1045 2393 1153 2457 averia
1174 2393 1336 2459 Johannis

199 2475 239 2540 de
250 2477 414 2541 Monkton
422 2483 461 2541 ut
473 2479 586 2542 veniat
601 2483 633 2542 et
644 2485 787 2542 moretur
802 2479 872 2562 [aa'c]
885 2498 982 2561 super
996 2483 1115 2542 terram
1126 2480 1280 2544 Domini:
1303 2486 1336 2546 et

197 2562 285 2627 idem
300 2564 323 2628 J
324 2564 466 2630 ohannes
482 2565 521 2630 de
536 2565 716 2649 Houghton
727 2565 920 2648 praepositus
934 2568 1074 2629 testatur
1085 2565 1172 2649 quod
1183 2569 1336 2632 arestavit

197 2649 221 2732 ij
247 2670 355 2733 equos,
380 2651 428 2736 iiij
453 2652 561 2728 boves
590 2671 673 2735 pree.
698 2658 716 2715 t
743 2671 837 2715 mare.
865 2655 898 2715 et
923 2652 968 2734 vij
993 2671 1081 2716 acras
1110 2653 1274 2730 frumenti,
1297 2654 1333 2737 iij

198 2756 300 2801 acras,
318 2738 409 2802 aven'
440 2775 454 2786 -
483 2775 556 2788 --
570 2737 622 2802 De
659 2738 771 2803 eodem
800 2737 879 2821 quia
910 2738 1083 2802 seminavit
1112 2745 1230 2802 terram
1259 2761 1334 2804 cum

198 2824 290 2888 aven'
314 2844 413 2907 quam
436 2825 594 2890 seminare
617 2824 782 2889 debuisset
804 2845 878 2888 cum
900 2824 984 2888 fabis
1006 2829 1040 2888 et
1064 2823 1124 2907 pis’
1147 2825 1189 2888 ad
1203 2825 1333 2908 dampn’

198 2910 341 2988 Domini,
354 2918 451 2995 prout
465 2916 664 2996 compertum
682 2916 732 2977 est
748 2911 820 2975 401.
831 2950 875 2960 -
887 2911 1077 2993 Injunetum
1092 2916 1141 2975 est
1159 2911 1222 2993 jur’
1238 2912 1334 2977 istius

196 2997 285 3060 villae
321 3002 354 3062 et
383 2997 505 3063 villatae
540 2999 581 3063 de
610 2997 821 3063 Walleshend
856 2998 944 3081 quod
979 2996 1111 3060 videant
1147 3001 1334 3062 tenemento

196 3084 219 3148 J
220 3083 357 3148 ohannis
372 3084 413 3148 de
427 3085 590 3149 Monkton
603 3085 639 3148 in
653 3091 812 3169 quantum
827 3083 1067 3149 deteriorantur.

240 3171 441 3235 Hawoauus
503 3171 665 3237 iohannis
690 3173 799 3255 Awyn
821 3169 971 3254 [“oepit’'
997 3170 1102 3233 struck
1130 3171 1196 3255 cat]
1222 3171 1333 3254 prole

197 3256 364 3340 Outlowys
381 3277 439 3341 per
459 3258 567 3342 ipsum
589 3258 734 3341 eapiend'
757 3277 859 3340 usque
881 3257 1000 3321 festum
1021 3256 1053 3320 S.
1076 3256 1213 3320 Martini
1228 3295 1241 3306 -
1257 3294 1270 3306 ·
1288 3263 1332 3324 6s.

198 3342 246 3406 81
258 3382 303 3393 -
314 3343 504 3428 Injunetum
519 3349 568 3409 est
583 3345 646 3428 jur'
661 3344 749 3429 quod
764 3344 895 3408 videant
910 3342 979 3427 cept
994 3343 1052 3426 [sc]
1070 3342 1180 3425 plures
1195 3345 1332 3410 outlaws

195 3430 231 3492 in
245 3451 311 3494 uno
324 3430 395 3496 loeo
411 3431 474 3495 nisi
488 3436 618 3495 tantum
632 3452 735 3495 unum
749 3430 837 3495 unde
853 3450 927 3514 pars
941 3430 1050 3513 potuit
1063 3429 1173 3495 videre
1195 3431 1333 3516 desuper

194 3521 313 3582 terram
339 3523 373 3582 et
397 3519 428 3582 si
456 3523 515 3582 etc.
545 3523 579 3582 et
607 3518 745 3602 adquae
775 3517 916 3599 dampna
945 3517 1260 3600 etc—Injunetum
1283 3525 1333 3584 est

193 3603 423 3669 brasiatoribus
438 3605 527 3669 villae
549 3605 635 3689 quod
656 3624 723 3668 non
736 3603 881 3668 vendant
901 3603 1048 3686 lagenam
1068 3604 1212 3668 carvisiae
1227 3605 1331 3669 carius

194 3710 293 3773 quam
326 3691 340 3774 j
372 3690 423 3754 d·
438 3692 604 3756 ob.—De
633 3691 756 3755 Thoma
785 3690 917 3754 Leward
946 3710 1004 3772 pro
1037 3689 1214 3754 1111111111
1249 3693 1330 3774 petr’

193 3797 306 3842 versus
326 3797 444 3860 aquam
456 3778 496 3842 11
509 3777 532 3861 ij
550 3777 643 3841 annis
659 3777 776 3860 elapsis
788 3783 832 3841 41.
845 3814 889 3825 -
899 3777 950 3840 1)1
964 3778 987 3841 J
990 3776 1115 3840 ohanne
1130 3775 1170 3838 de
1186 3775 1331 3841 Shaffeld

194 3884 252 3946 pro
274 3864 387 3928 eodem
409 3884 467 3947 per
490 3865 578 3929 idem
600 3869 730 3947 tempus
755 3863 912 3927 4s.-De
935 3862 1046 3926 eodem
1070 3866 1103 3926 et
1126 3861 1266 3926 Roberto
1290 3863 1331 3928 dc

193 3950 294 4014 Holm
323 3971 382 4034 pro
405 3971 540 4034 quarere
569 3950 656 4034 apud
680 3949 807 4014 01111111
836 3969 894 4032 pro
917 3968 1003 4013 anno
1028 3947 1182 4030 praedicto
1212 3953 1331 4014 121.-

193 4037 383 4121 Inquiratur
405 4037 446 4101 de
459 4037 610 4122 capcione
631 4036 793 4120 praedictae
810 4055 951 4119 quarerae
972 4054 1075 4116 usque
1089 4034 1178 4118 prox'
1201 4036 1274 4102 eur'.
1286 4076 1330 4087 -

192 4123 332 4189 Thomas
354 4123 487 4188 Leward
501 4123 602 4189 habet
621 4123 790 4188 licenciam
804 4121 944 4185 eariandi
968 4121 1047 4204 petr'
1062 4120 1102 4185 de
1117 4141 1206 4186 mora
1227 4143 1331 4209 usque

192 4230 312 4294 aquam
326 4210 468 4274 solvend’
483 4232 514 4294 p.
529 4231 556 4275 1.
573 4210 645 4274 401.

100 4295 102 4300 ’
235 4297 416 4361 Moundou.
460 4296 645 4361 Willelmus
661 4295 767 4360 Toller
781 4295 869 4379 [eta]
886 4295 958 4380 jur’.
969 4333 1014 4343 -
1024 4295 1075 4359 De
1090 4294 1198 4360 Alicio
1212 4297 1330 4362 aneilla

190 4383 352 4448 Willelmi
366 4384 472 4448 Tollen
485 4404 543 4466 pro
557 4383 645 4466 leyr:
666 4382 749 4465 pleg.
764 4381 950 4446 Willelmus
965 4382 1079 4458 Tollen,
1096 4381 1146 4446 61.

233 4471 444 4535 Wmnomn.
488 4469 572 4554 Agn'
596 4489 669 4553 quac
691 4470 755 4532 fuit
777 4489 858 4532 uxor
872 4468 1034 4532 Willelmi
1054 4467 1116 4530 filii
1138 4467 1268 4532 Thomae
1286 4505 1300 4517 ·
1314 4507 1328 4519 -

189 4557 277 4641 cepit
287 4558 494 4624 medietatem
505 4558 603 4622 unius
613 4575 690 4622 mes.
701 4561 735 4621 et
749 4555 843 4638 xxiiij
856 4575 944 4620 acras
956 4560 1047 4620 terrae
1062 4574 1134 4637 quae
1142 4552 1328 4621 Willelmus
