3224 5212
145 559 210 618 138
216 559 243 616 3.
422 569 581 619 uranon
595 570 778 619 Puloenrus
793 570 1034 619 DUNELMENSIS.
1229 555 1289 620 177

143 735 205 792 166.
231 748 335 811 66666
356 726 397 791 61
420 728 551 811 plenam
573 735 701 792 aetatem
724 728 821 813 praed.
838 728 983 808 heredis;
1006 729 1093 794 redd.
1109 748 1166 812 pro
1188 727 1290 792 libera

143 816 242 878 firma
265 815 344 897 xviij
356 814 385 879 d
401 823 435 879 et
457 836 514 899 pro
530 817 637 880 warda
659 816 706 899 iiij
720 837 744 880 s.
768 823 801 880 et
823 816 931 880 tenuit
952 837 1010 900 pro
1032 817 1064 898 vj
1089 836 1138 879 66
1162 815 1289 898 elapsis,

144 901 221 965 ideo
237 902 420 984 inquiratur
434 902 463 966 si
477 902 585 978 solvit,
600 902 653 966 vel
668 923 743 978 non,
759 909 792 967 et
806 903 869 978 cui,
885 903 972 967 etde
988 910 1095 967 cetero
1109 913 1267 966 oneretur,

191 989 402 1054 Wuauouufl.
448 989 639 1071 Injunctum
654 997 704 1053 661
719 991 870 1054 omnibus
885 997 949 1054 ten.
966 990 1053 1054 villae
1069 989 1155 1073 quod
1177 988 1289 1054 nullus

144 1096 259 1138 eorum
270 1085 393 1158 ponant
404 1097 504 1160 equos
513 1077 598 1140 16166
609 1076 765 1160 stipulam
779 1083 953 1161 antequam
969 1077 1065 1141 blada
1079 1084 1290 1140 amoveantur

144 1171 326 1239 noctanter,
342 1162 405 1226 nisi
430 1164 466 1226 in
491 1164 667 1246 praesencia
691 1164 892 1229 hom-Ric.
919 1163 1022 1229 Gema
1047 1185 1073 1228 c.
1097 1164 1111 1247 j
1141 1183 1233 1230 mese.
1256 1171 1289 1227 et

145 1249 194 1331 xij
219 1270 264 1313 ac.
287 1256 343 1314 ter.
368 1249 483 1313 61116
510 1258 575 1315 166.
597 1251 621 1314 J
623 1251 672 1315 oh.
695 1251 838 1335 Wigby3
867 1251 1004 1315 habend.
1030 1252 1072 1315 ed
1098 1261 1189 1314 16666.
1212 1249 1290 1314 vitae

145 1356 226 1411 suae,
241 1336 327 1400 redd.
352 1357 410 1419 pa
437 1358 482 1400 xx
495 1357 519 1402 s.
546 1337 632 1421 quod
656 1338 747 1422 prius
770 1338 914 1402 reddidit
937 1339 993 1420 xvj
1007 1358 1031 1401 s.
1055 1357 1114 1421 pro
1138 1337 1288 1401 omnibus

145 1423 297 1506 operibus
313 1433 428 1506 praeter
439 1424 650 1488 cariaoionem
663 1425 855 1492 victualium
867 1425 1004 1502 terrarii,
1016 1431 1050 1488 et
1061 1424 1217 1500 faciendo,
1229 1431 1289 1490 etc.

193 1511 372 1574 Surflwvx.
417 1511 498 1574 Rob.
524 1511 566 1575 fil
589 1512 669 1575 Adae
692 1513 731 1576 de
755 1511 948 1577 Wermouth
972 1519 1005 1576 et
1027 1511 1117 1576 Will
1140 1512 1183 1576 fil.
1208 1511 1289 1575 Adae

146 1604 305 1680 ceperunt
319 1596 457 1664 molend.
473 1599 683 1664 ventriticum
697 1600 738 1663 16
753 1599 914 1682 Suthwyk
929 1619 966 1663 ac
982 1599 1152 1683 piscariam
1174 1598 1288 1682 pertin.

146 1684 294 1767 ejusdem
309 1684 396 1748 villae
407 1693 440 1749 et
455 1705 528 1769 quae
544 1685 601 1752 ult.
618 1686 751 1752 fuerunt
765 1687 800 1749 in
816 1693 931 1750 tenura
941 1687 964 1750 J
966 1687 1016 1750 oh.
1028 1685 1111 1750 Reid
1124 1707 1133 1766 ;
1154 1685 1289 1750 habend.

148 1808 161 1819 -
177 1808 191 1820 ·
206 1771 253 1854 xij
285 1791 347 1848 an.,
375 1771 461 1836 redd.
491 1772 568 1836 inde
598 1773 768 1836 annuatim
798 1793 878 1838 scac.
910 1773 1030 1838 Prioris
1059 1773 1105 1855 xij
1136 1771 1168 1836 li
1185 1811 1200 1822 -
1215 1772 1291 1835 -Et

147 1857 233 1924 dom.
248 1858 342 1922 Prior
356 1859 518 1942 reparabit
531 1859 629 1942 praed.
647 1860 784 1925 molend
800 1859 953 1942 quociens
968 1880 1050 1943 opus
1065 1859 1164 1924 fuerit
1186 1858 1221 1922 in
1244 1859 1290 1923 eis

147 1945 267 2028 quibus
282 1945 415 2030 indiget
459 1946 502 2010 Et
518 1947 546 2010 si
561 1946 707 2010 deiectus
722 1946 824 2030 aliqui
839 1947 880 2011 ob
895 1946 1057 2011 defectum
1078 1946 1232 2010 custodiae
1254 1945 1289 2008 in

147 2032 245 2115 praed.
276 2032 414 2096 molend.
445 2033 655 2097 invenientur
684 2033 780 2117 praed.
808 2033 940 2098 firmarii
969 2034 1115 2122 delectus
1145 2032 1219 2097 illos
1249 2032 1289 2095 61

149 2120 295 2201 custagia
306 2121 450 2202 ipsorum
465 2121 685 2184 emendabunt
700 2157 714 2170 -
729 2157 743 2170 ·
759 2156 772 2168 ·
788 2121 861 2185 Hos
874 2121 1071 2185 invenerunt
1087 2119 1290 2202 fidejussores

148 2226 224 2272 suos
238 2206 261 2269 J
263 2207 314 2270 oh.
329 2206 412 2270 Lord
428 2207 468 2270 16
483 2207 645 2290 Suthwyk
661 2213 694 2272 et
710 2207 779 2272 Ric.
795 2208 818 2271 J
819 2227 921 2271 onson
936 2207 976 2272 de
993 2207 1137 2272 FulwelL

192 2293 347 2358 Haerere.
392 2294 585 2376 Injunctum
606 2301 655 2362 est
677 2295 829 2359 omnibus
851 2302 915 2358 166.
932 2294 1027 2370 villae,
1043 2294 1129 2378 quod
1151 2293 1290 2378 quilibet

147 2387 212 2444 166.
223 2380 245 2460 ij
262 2380 357 2443 bond.
370 2381 615 2465 manuoperabit
630 2381 678 2444 ita
689 2381 771 2445 bene
786 2388 819 2444 61
834 2381 1031 2446 sufficienter
1045 2382 1103 2445 uni
1119 2379 1190 2466 [616]
1205 2381 1290 2444 61661

148 2467 212 2542 alii,
228 2467 289 2530 sub
305 2487 401 2549 poena
416 2468 622 2533 admissionis
639 2468 708 2552 [616]
727 2469 811 2552 juris
827 2469 887 2544 661,
902 2477 970 2533 tam
992 2469 1028 2532 in
1051 2468 1178 2533 cultura
1193 2489 1291 2551 quam

150 2555 185 2616 in
200 2554 377 2618 fimacione.

191 2641 422 2707 Esrmmrou.
466 2641 518 2705 Ι)6
541 2642 663 2705 Thoma
685 2642 728 2706 fil.
751 2641 843 2706 Will.
866 2648 906 2705 61.
929 2641 1082 2706 Johanna
1105 2645 1205 2705 uxore
1221 2641 1290 2724 ejus

150 2728 332 2791 executrice
361 2735 433 2792 1661.
457 2728 545 2792 Will
578 2729 717 2813 Wright,
738 2750 796 2812 pro
823 2747 880 2793 ve.
912 2728 968 2810 viij
982 2729 1011 2792 d.
1045 2728 1185 2792 detentis
1215 2728 1289 2791 Joh.

150 2815 305 2878 Tailliour
315 2823 348 2878 61
363 2817 551 2899 Margaretae
562 2817 671 2879 uxoris
687 2816 756 2898 ejus
768 2813 837 2902 [616]
849 2835 930 2898 6666
946 2815 1026 2880 Rob.
1041 2815 1183 2899 Wright,
1198 2822 1291 2898 pater

149 2901 245 2986 praed.
261 2902 454 2984 Margaretae
469 2902 532 2966 eibi
546 2901 675 2986 legavit,
691 2913 788 2985 prout
803 2905 924 2966 fatetur
938 2902 973 2964 in
989 2901 1093 2966 Curia

192 2989 426 3053 Brnnvueflarr.
461 2989 803 3065 DeRob.Fauks‚Joh.
816 2987 1291 3064 Gentelman,Job.delToune,

149 3076 224 3142 Joh.
256 3076 385 3159 Grisby,
407 3076 482 3140 Joh.
510 3076 683 3159 Mirymen,
705 3077 783 3159 quia
808 3097 874 3140 non
897 3081 1135 3140 evacuaverant
1161 3095 1291 3139 cursum

150 3184 241 3247 aquae
257 3163 344 3246 apud
361 3162 569 3248 Billyngham
586 3164 700 3239 Causa,
715 3163 755 3228 de
769 3183 867 3247 poena
882 3163 962 3226 aliae
978 3163 1130 3246 imposita
1145 3161 1180 3225 xl
1192 3162 1268 3227 d.—

192 3250 386 3333 Injunotum
420 3260 470 3314 661
499 3250 649 3315 omnibus
679 3257 745 3318 ten.
776 3250 864 3316 villae
893 3249 988 3334 quod.
1010 3248 1150 3333 quilibet
1179 3270 1290 3315 eorum

151 3338 276 3400 6661661
291 3337 361 3421 [616]
379 3343 487 3420 petras
510 3343 543 3400 et
565 3337 755 3402 meremium
776 3337 972 3412 molendino,
987 3343 1021 3401 61
1043 3337 1131 3420 6661
1153 3337 1291 3419 quilibet

151 3431 300 3488 tenentes
320 3425 356 3487 in
379 3423 589 3508 Billynghem
605 3424 761 3489 habentes
784 3424 890 3488 averia
911 3423 998 3486 infra
1012 3423 1043 3487 le
1061 3424 1292 3499 Wethermers,

151 3511 312 3586 claudant,
334 3531 391 3593 pro
412 3521 504 3594 parte
520 3532 588 3587 sua,
609 3512 745 3576 16666166
760 3511 837 3575 ibid.
860 3531 918 3595 per
939 3511 1157 3594 quantitatem
1172 3532 1291 3588 eorum,

152 3599 210 3662 sub
226 3619 323 3682 poena
338 3597 372 3662 di
388 3618 512 3674 marcae,
527 3598 680 3676 solvend,
696 3605 754 3662 etc.

193 3685 342 3750 Boaoou.
386 3685 439 3749 Ι)6
454 3686 577 3748 Thoma
593 3686 722 3761 066666,
734 3684 810 3768 6616
822 3684 993 3768 occupavit
1004 3685 1018 3767 j
1032 3689 1092 3748 cot
1104 3684 1118 3766 j
1135 3683 1290 3748 salionem

21 3809 22 3816 κ
151 3792 215 3836 voc.
240 3772 457 3856 Barganplase
479 3774 516 3837 in
538 3792 637 3836 manu
661 3772 832 3838 demaine
854 3771 905 3835 lic.
929 3771 1023 3847 dom,
1038 3771 1184 3855 quolibet
1206 3790 1291 3834 anno

148 3859 191 3942 xij
204 3859 234 3924 d.

191 3947 373 4010 Wusruaa
419 3946 517 4029 Hugo
533 3946 606 4009 Ρ611
620 3945 671 4027 c.j
689 3965 780 4009 mess.
796 3952 829 4008 et
851 3944 887 4026 iij
911 3964 958 4008 ac.
978 3950 1035 4009 ter.
1057 3964 1124 4007 voc.
1148 3943 1290 4008 Homer-

151 4032 245 4114 1661;
259 4033 396 4097 habend.
409 4053 577 4116 quousque
589 4031 673 4096 alius
685 4039 749 4096 ten.
762 4031 888 4098 venerit
898 4031 957 4115 qui
967 4031 1041 4114 plus
1053 4031 1129 4095 dare
1140 4030 1288 4106 voluerit,

152 4120 236 4185 redd.
276 4141 328 4184 ,6.
344 4120 366 4202 ij
378 4141 401 4184 6.

192 4141 346 4273 MIiiMEa
391 4208 443 4271 De
458 4213 522 4273 ten.
538 4205 626 4270 villae
641 4205 718 4289 quia
732 4205 908 4270 noluerunt
923 4205 1027 4269 facere
1041 4205 1072 4268 le
1094 4205 1291 4289 lonyngdiks

149 4292 243 4374 juxta
259 4293 452 4376 Bishoplrm,
467 4293 605 4377 quilibet
619 4313 677 4377 pro
691 4301 784 4375 parte
799 4313 859 4356 sua
873 4293 912 4356 de
928 4293 1003 4356 m’ia
1017 4293 1063 4375 xij
1076 4292 1106 4356 d
1262 4301 1265 4311 “

194 4382 341 4448 aarum
371 4381 563 4464 Injunctum
575 4388 625 4444 661
635 4379 786 4444 omnibus
797 4386 862 4446 ten.
875 4380 914 4443 16
926 4380 1018 4463 Fery,
1029 4381 1293 4461 Estmeryngton,

153 4467 419 4552 Midmeryngton
441 4477 476 4533 et
497 4468 668 4534 Weetmer.
687 4467 774 4550 quod
796 4467 920 4531 uariant
944 4463 1016 4553 [616]
1040 4473 1074 4530 61
1096 4466 1218 4530 faciant
1239 4464 1291 4528 viz

152 4557 340 4620 meremium
362 4562 480 4640 petras,
497 4575 556 4639 pro
579 4554 726 4626 molend,
742 4562 775 4618 61
796 4554 955 4617 mundent
978 4563 1128 4637 stagnum
1151 4550 1292 4616 molend.
