3278 5204
296 554 335 611 98
558 562 714 610 11111011
729 561 909 610 1110111111
921 561 1159 610 norrmrrrrsrs.
1336 549 1429 610 1370.
1561 550 1563 554 '

292 721 434 805 pertinet
462 719 588 796 babere,
617 720 695 804 quia
724 719 849 784 dietum
879 718 1042 802 estquod
1070 718 1225 802 praedieta
1253 723 1338 783 terra
1363 739 1431 783 non

294 814 401 892 potest
426 807 550 871 dimitti
579 826 617 872 ea
647 806 687 871 de
716 807 1089 890 eausa-Praeceptum
1118 811 1168 870 est
1196 805 1368 889 praeposito
1397 809 1431 869 et

293 894 436 960 forestar'
448 894 535 977 quod
550 893 697 976 distring'
714 892 888 958 Ricardum
902 892 943 957 de
961 891 1139 957 Hessewell
1154 891 1358 976 capellanum
1372 911 1432 975 pro

295 987 339 1045 6s.
362 979 479 1045 debitis
501 983 524 1046 J
526 979 646 1044 obanni
668 980 784 1044 Huker
805 999 864 1063 pro
885 979 933 1062 iiij
957 979 1144 1043 bidentibus
1166 979 1272 1043 eidem
1292 978 1431 1042 Ricardo

293 1067 435 1132 venditis
457 1067 544 1132 unde
566 1065 727 1130 Robertus
749 1065 865 1130 Souter
885 1066 1077 1148 praepositus
1098 1065 1252 1130 arestavit
1273 1066 1308 1128 in
1331 1085 1431 1129 manu

293 1153 396 1238 ipsius
412 1153 561 1218 Ricardi:
587 1153 634 1217 ita
648 1153 736 1236 quod
751 1152 897 1218 denarios
912 1151 986 1216 illos
1001 1152 1120 1216 habeas
1136 1152 1206 1235 [sie]
1221 1151 1275 1216 bie
1289 1152 1326 1214 in
1340 1151 1430 1215 ouria

294 1240 335 1305 ad
351 1240 614 1305 satisfaciendum
625 1240 767 1303 Domino
780 1239 820 1303 de
837 1244 904 1302 30s.
916 1238 999 1322 proj
1017 1238 1142 1322 eotagio
1154 1239 1189 1301 in
1200 1245 1315 1303 tenura
1325 1239 1431 1322 ipsius

293 1327 316 1391 J
317 1326 453 1392 ohannis
469 1327 636 1392 combusto
650 1332 747 1409 prout
761 1330 962 1410 compertum
976 1330 1026 1389 911
1040 1345 1098 1408 per
1108 1325 1179 1408 jur',
1194 1330 1227 1389 et
1241 1325 1329 1409 qued
1342 1324 1431 1389 idem

293 1414 315 1478 J
318 1413 462 1478 ohannes
484 1433 550 1477 non
571 1413 670 1477 babet
691 1412 786 1496 plura
799 1413 884 1476 bona
898 1417 932 1477 et
946 1411 1064 1476 catalla
1086 1417 1145 1476 ete.
1189 1411 1267 1476 Ideo
1281 1411 1432 1476 videatur

293 1499 404 1583 capeio
424 1507 458 1565 ct
480 1506 654 1564 onerantur
669 1497 739 1583 [rie]
755 1499 838 1584 pleg'
853 1503 912 1564 cte.
922 1534 966 1546 -
977 1499 1180 1582 Praeceptum
1194 1504 1243 1563 est
1258 1499 1431 1582 praeposito

294 1586 381 1669 quod
393 1586 497 1651 saisiri
505 1587 564 1652 fae'
575 1586 611 1648 in
622 1606 723 1650 manu
731 1585 867 1650 Domini
878 1585 998 1650 Prioris
1006 1585 1170 1669 quandam
1180 1585 1325 1669 placeam
1336 1591 1431 1649 terrae

292 1673 328 1736 in
345 1673 531 1757 Rougbside
544 1693 617 1757 quas
637 1672 702 1736 fuit
724 1671 839 1737 Alieire
854 1672 895 1737 de
917 1671 1151 1756 Alaynseboles
1167 1672 1325 1737 defunctae
1340 1671 1431 1754 quod

293 1760 364 1845 [sie]
379 1766 509 1825 tenatur
520 1761 560 1824 de
572 1759 691 1837 Priore,
703 1765 736 1824 et
746 1759 848 1824 haeres
863 1759 949 1824 infra
959 1763 1098 1836 aetatem,
1110 1779 1209 1842 quam
1220 1759 1378 1824 liebertus
1389 1758 1432 1822 de

295 1847 459 1930 Hidewyn
480 1851 571 1912 tenet
592 1845 633 1910 ad
654 1853 745 1910 term
761 1851 795 1911 et
808 1845 915 1910 reddit
930 1867 959 1929 p.
975 1866 1003 1911 a.
1020 1851 1065 1910 61.
1082 1846 1132 1911 8d.
1176 1846 1220 1909 Et
1233 1850 1433 1928 praeceptum
1469 1907 1470 1910 ,

293 1934 464 2017 praeposito
486 1933 574 2018 quod
595 1932 684 1997 distr
707 1933 767 1998 fae'
781 1932 818 1996 in
838 1932 992 2016 predictis
1014 1933 1108 1996 terris
1129 1952 1188 2015 pro
1209 1932 1289 1996 firm’
1305 1932 1346 1996 de
1367 1937 1433 1996 ter-

294 2020 392 2084 minis
418 2021 511 2084 Pent'
539 2027 572 2086 et
597 2019 695 2084 Mart’
720 2020 1048 2103 cte.-Praeeeptum
1071 2023 1121 2083 est
1145 2019 1317 2102 praeposite
1343 2018 1432 2102 quod

295 2105 413 2170 attaeh'
428 2106 487 2170 fce'
503 2126 615 2172 omnes
635 2111 785 2172 tenentes
798 2105 886 2170 villas
907 2113 976 2170 tam
998 2105 1149 2170 mulieres
1164 2126 1262 2188 quam
1283 2105 1432 2170 homines

294 2190 336 2255 ad
361 2192 485 2257 essend’
507 2191 561 2257 bio
584 2193 626 2257 ad
651 2193 740 2277 prox'
764 2191 805 2256 ad
826 2192 973 2276 respond’
996 2192 1137 2256 Domino
1159 2192 1198 2256 de
1224 2192 1432 2257 exeoraeione

295 2277 443 2342 arborum
455 2277 552 2342 delas
561 2278 669 2344 Allers
681 2279 722 2343 ad
733 2299 830 2363 grave
842 2279 1131 2362 dampnum-De
1141 2277 1291 2343 iohanne
1301 2279 1432 2343 Edeson

293 2364 1433 2536 111111111111,1111111111

293 2536 615 2688 fflvmiipfim
630 2538 717 2622 quod
730 2538 854 2603 molent
868 2538 965 2605 blada
978 2559 1038 2604 sua
1052 2537 1139 2622 apud
1153 2538 1376 2604 molendinum
1392 2539 1433 2603 de

395 2644 457 2689 esw
497 2674 504 2689 .

340 2800 432 2863 1370.
455 2797 747 2881 III.-[Headless.
784 2798 871 2863 Date
885 2797 1004 2882 proved
1020 2798 1065 2881 by
1079 2797 1137 2862 tha
1152 2797 1280 2862 Harton
1293 2798 1433 2883 inquisi-

292 2885 364 2949 tion
378 2885 443 2949 and
457 2885 513 2950 the
529 2885 651 2950 demise
665 2885 701 2949 of
712 2885 769 2949 the
783 2885 1021 2950 East-Rainten
1036 2883 1226 2968 demessas]

336 2972 576 3036 Wrnnrncror.
620 2973 671 3036 De
691 2973 807 3036 Emma
821 2971 1129 3055 Androwsmayden‚
1143 2992 1201 3055 pro
1216 2992 1340 3036 eonven
1363 3021 1370 3037 .
1394 3021 1402 3037 .
1425 3022 1433 3038 .

337 3059 517 3124 Mornrorr.
562 3058 748 3124 Willclmus
762 3059 786 3123 J
787 3058 888 3122 akson
903 3058 995 3123 venit
1017 3065 1050 3124 et
1065 3059 1150 3143 cepit
1165 3063 1267 3122 totam
1280 3063 1434 3124 tenuram

294 3164 392 3226 quam
407 3147 430 3210 J
432 3146 574 3210 ohannes
596 3145 683 3209 filius
699 3145 832 3229 Agnetis
854 3144 943 3227 prius
965 3146 1090 3209 tenuit:
1111 3145 1247 3209 habend’
1262 3150 1296 3209 91
1309 3147 1376 3210 ten’
1391 3147 1435 3210 ad

293 3237 384 3294 term.
400 3231 477 3294 vitae
491 3251 578 3295 snae:
600 3231 686 3296 redd.
702 3237 735 3296 91
749 3231 896 3296 faciendo
913 3231 948 3294 in
971 3231 1120 3296 omnibus
1141 3238 1238 3315 prout
1258 3232 1434 3315 predictus

292 3315 316 3379 J
318 3316 458 3380 ohannes
474 3318 563 3399 prius
584 3318 726 3382 reddidit
747 3325 780 3382 91
800 3318 894 3382 feeit:
910 3355 923 3367 -
938 3355 952 3366 ·
995 3318 1175 3401 Etreoepit
1189 3318 1336 3384 debonis
1351 3339 1433 3402 prae-

294 3401 375 3465 dieti
397 3401 559 3466 lobannis
583 3403 625 3466 ad
655 3404 892 3487 reparaeionem
924 3403 1092 3470 domorum
1117 3412 1181 3470 28s.
1197 3443 1210 3454 -
1226 3442 1242 3452 -
1285 3405 1372 3489 Pleg.
1388 3443 1402 3454 -
1418 3444 1433 3455 ·

293 3487 459 3552 lohannes
489 3488 528 3553 de
558 3489 719 3554 Menkton
744 3497 836 3574 pater
861 3511 939 3556 suus
964 3496 998 3556 et
1017 3492 1107 3558 Will
1137 3492 1259 3557 Toller:
1288 3493 1434 3577 gres'm’a

295 3580 338 3639 61.
356 3575 406 3639 sd.
420 3599 427 3639 :
449 3575 647 3640 condonatur
661 3597 719 3659 per
732 3577 908 3642 terrarium.

335 3664 485 3728 11110111.
541 3663 732 3745 Injunctum
758 3668 807 3728 911
833 3664 982 3728 omnibus
1011 3664 1198 3729 tenentibus
1228 3664 1315 3728 villae
1344 3666 1434 3748 quod

292 3750 431 3833 quilibet
440 3770 550 3814 eorum
559 3750 679 3816 faciant
691 3750 761 3834 [119]
771 3751 879 3815 fossat'
887 3751 984 3834 juxta
993 3755 1124 3815 tenuras
1135 3771 1210 3816 suas
1222 3752 1303 3816 eitra
1311 3752 1434 3816 festum

292 3837 448 3902 Omnium
464 3838 663 3903 Sanctorum.

335 3924 543 3989 Waanoern.
588 3923 774 3989 Willelmus
799 3923 910 3988 Carter
924 3923 1016 3988 venit
1037 3924 1073 3986 in
1095 3925 1160 3988 eur'
1176 3929 1210 3989 ct
1224 3924 1312 4008 cepit
1326 3945 1434 3990 unum

291 4010 491 4092 mesuagium
505 4017 539 4075 91
553 4017 692 4094 quatuor
712 4011 847 4076 bovatas
868 4015 962 4075 terrae
983 4010 1100 4074 ultimo
1114 4011 1150 4073 in
1165 4015 1280 4076 tenura
1294 4011 1376 4095 Agn’
1392 4013 1435 4077 de

291 4092 497 4160 Moreslawe:
521 4097 657 4162 habend’
680 4105 713 4163 91
733 4099 799 4163 ten’
822 4097 863 4162 ad
884 4102 975 4162 term.
991 4098 1069 4162 11119
1091 4117 1174 4162 suae:
1195 4097 1333 4162 reddet
1352 4098 1435 4162 faei-

290 4179 373 4243 endo
402 4181 438 4243 in
467 4182 616 4249 omnibus
645 4191 743 4268 prout
771 4185 926 4267 praedicta
954 4183 1039 4268 Agn’
1069 4185 1110 4248 de
1138 4184 1311 4248 Moreslaw
1340 4185 1434 4267 prius

288 4265 430 4330 reddidit
444 4273 476 4331 et
491 4269 588 4332 fecit:
609 4270 794 4353 incipiendo
806 4270 929 4336 solvere
940 4270 1102 4354 integram
1116 4271 1241 4334 firmam
1257 4271 1298 4336 ad
1310 4271 1434 4336 festum

289 4353 380 4416 Pent’
395 4373 480 4418 anno
495 4354 630 4418 Domini
644 4361 702 4422 910.
718 4357 823 4440 lxxij0.
868 4358 911 4421 Et
933 4357 1107 4422 seminabit
1130 4356 1190 4421 boe
1212 4377 1296 4420 anne
1319 4377 1432 4422 semen

286 4439 415 4504 vernale
430 4446 462 4505 et
481 4441 585 4506 solvet
607 4444 740 4508 terciam
762 4451 887 4527 partem
909 4444 1018 4520 firmae,
1034 4448 1068 4508 et
1083 4443 1250 4508 lohannes
1266 4443 1348 4509 Reid
1370 4446 1430 4527 qui

285 4527 458 4593 seminavit
472 4549 581 4594 semen
603 4529 741 4595 hiemale
763 4529 969 4613 respondebit
987 4529 1027 4594 de
1042 4529 1170 4596 residuo
1185 4529 1291 4595 firmae.
1337 4530 1427 4615 Pleg.
