3278 5204
306 585 367 645 100
564 595 1170 647 6666616616611666666666666.
1348 580 1440 641 1370.

304 773 361 838 per
387 759 622 820 sacramentum
647 775 743 821 suum
769 756 855 840 quod
881 755 1014 840 quidam
1038 754 1206 821 Johannes
1231 751 1332 817 Ward
1360 771 1442 814 avus

304 840 450 923 praedicti
472 843 588 926 Rogeri
609 842 710 907 Ward
732 848 765 908 et
786 843 952 908 Johannes
967 841 1069 908 Werd
1089 847 1181 926 pater
1201 839 1303 924 ipsius
1325 838 1442 920 Rogeri

304 927 345 991 ab
360 927 494 1011 antiquo
509 929 701 994 tenebantur
714 949 773 1013 pro
788 929 909 994 nativis
931 929 1055 994 domini
1068 928 1191 1012 prioris,
1207 932 1241 992 et
1255 945 1442 1008 nuncquam

304 1015 500 1078 contrarium
529 1015 701 1081 audierimt
730 1037 834 1100 usqne
862 1017 950 1082 hunc
979 1015 1073 1081 diem
1139 1015 1183 1078 Et
1212 1013 1325 1077 dicunt
1353 1010 1441 1096 quod

303 1101 436 1183 quidam
461 1101 598 1166 Thomas
624 1103 803 1186 Maymond
827 1122 907 1168 evus
932 1101 1079 1186 praedicti
1104 1100 1185 1165 Adae
1211 1105 1244 1164 et
1272 1099 1441 1164 iohannes

302 1193 395 1270 pater
408 1189 554 1272 praedicti
568 1189 684 1273 Rogsri
706 1189 838 1254 fuenmt
859 1190 974 1254 fratres
994 1209 1035 1252 ax
1049 1193 1140 1273 parto
1155 1187 1256 1272 patris
1271 1191 1304 1250 et
1318 1185 1442 1262 matris,

303 1278 336 1338 et
350 1274 464 1339 dicunt
478 1275 565 1358 quod
585 1275 732 1359 praedicti
752 1275 860 1340 Adam
882 1282 916 1341 et·
937 1276 1079 1359 Rogatus
1101 1279 1178 1340 sunt
1200 1272 1343 1357 ejusdem
1365 1292 1441 1336 con-

302 1359 439 1424 dicionis
463 1361 588 1426 servilis
613 1367 827 1429 antesessores
853 1363 905 1427 sui
930 1363 1062 1428 inerunt
1091 1367 1124 1426 61
1149 1379 1335 1443 nuncquam
1364 1379 1441 1423 con-

301 1447 436 1510 trarium
451 1448 647 1514 audiebatur.

641 1571 791 1646 [Johannas
803 1575 938 1628 Wnrd=.
959 1614 965 1627 .
985 1615 991 1627 .
1041 1611 1047 1626 .
1068 1614 1074 1626 .
1095 1612 1101 1625 .

301 2320 352 2384 De
367 2321 474 2387 Alicio
487 2324 599 2390 relicta
613 2326 743 2391 Ricardi
764 2327 852 2410 Gray
873 2346 932 2411 pro
948 2325 1110 2390 merchato
1134 2325 1166 2408 [“
1177 2324 1278 2390 nichil
1295 2324 1347 2388 hic
1362 2327 1443 2408 quia

300 2407 336 2469 in
362 2410 451 2473 curia
476 2414 650 2496 sequents’'
672 2416 709 2477 16
735 2414 878 2498 dostram
900 2421 1133 2497 contemporary
1159 2413 1248 2476 hond
1277 2414 1344 2476 cod
1373 2414 1439 2476 161.

301 2493 370 2558 Τ16
384 2501 505 2562 matter
518 2505 576 2562 not
590 2499 626 2563 in
644 2503 737 2576 1371,
752 2502 788 2577 I.,
804 2501 860 2578 II.,
876 2497 956 2584 ΙΙΙ]

345 2582 501 2649 Samnis,
545 2585 687 2669 Injunct'
708 2587 824 2652 Aliciae
845 2587 920 2651 filiae
935 2585 1093 2650 Willclmi
1115 2583 1288 2669 Swynbird
1309 2589 1343 2650 et
1356 2584 1441 2649 Adae

300 2667 438 2734 Diotson
460 2671 542 2756 pleg’
565 2692 623 2736 suo
645 2673 733 2758 quod
754 2674 894 2758 reparari
915 2674 974 2738 fac’
996 2693 1099 2737 unum
1121 2671 1243 2736 toftum
1262 2671 1381 2736 ultimo
1403 2674 1441 2736 in

300 2760 415 2821 tenura
440 2758 563 2822 Emmae
589 2759 630 2824 da
654 2760 811 2826 Howden
870 2760 914 2824 nt
943 2759 1112 2824 sciendum
1136 2759 1223 2842 quod
1249 2759 1440 2842 praedictum

299 2843 419 2908 toftum
449 2845 546 2911 debet
574 2846 705 2912 reddere
733 2853 777 2913 2s.
807 2846 894 2930 quod
918 2847 1008 2930 prius
1037 2845 1180 2910 reddidit
1203 2845 1273 2909 l2d
1296 2846 1440 2909 Domino

299 2935 374 3012 post
387 2931 562 3016 16666166]ι
580 2954 745 2999 annornm
790 2933 912 3017 Incipit
927 2933 968 2997 ad
989 2932 1128 2997 tercium
1148 2937 1281 2996 turnum
1303 2931 1440 2996 Halmo-

299 3021 407 3081 torum
428 3039 513 3083 anno
535 3025 593 3085 etc.
613 3019 710 3104 lxvij⁰
726 3025 822 3104 prout
843 3020 954 3084 eadem
976 3020 1092 3083 Emma
1113 3017 1196 3082 illud
1217 3018 1304 3101 cepit
1326 3019 1441 3082 eodem

299 3107 395 3251 Euroo
410 3111 443 3169 61
457 3105 611 3257 1666ᾱὲ616
624 3107 732 3173 Alicia
754 3107 834 3171 dicit
855 3107 943 3190 quod
965 3107 1051 3190 cepit
1065 3105 1256 3191 pradictum
1269 3105 1392 3169 toftum
1407 3110 1440 3169 ot

324 3190 407 3254 nivii
422 3212 480 3274 pro
496 3198 536 3256 40

344 3276 595 3344 Esr-Rarnron.
662 3279 820 3345 Dimissio
865 3279 1026 3344 Mnnnnn.
1089 3277 1255 3343 «Iohannes
1292 3277 1440 3355 Freman,

300 3361 459 3426 Robertus
488 3363 530 3428 da
567 3365 789 3449 coldingham,
825 3366 940 3431 Helias
972 3365 1201 3431 Pater-Noster
1237 3370 1271 3428 et
1299 3363 1439 3428 Thomas

301 3447 425 3513 Gibson
449 3456 602 3533 ceperunt
625 3452 802 3518 dominicas
827 3459 928 3518 terras
954 3473 1029 3517 cum
1054 3451 1208 3517 adificiis:
1241 3451 1379 3516 habend'
1406 3456 1441 3514 et

299 3533 364 3598 ten'
394 3534 435 3598 ad
460 3542 550 3602 term
576 3559 622 3603 xv
643 3559 820 3604 annorum:
845 3539 930 3604 redd
952 3559 983 3624 p.
1006 3559 1033 3605 a
1056 3539 1212 3603 scaccario
1233 3537 1291 3621 viij
1314 3557 1440 3602 marcas

299 3629 332 3686 61
360 3623 492 3687 terrario
516 3624 558 3690 di.
584 3625 722 3700 markas:
758 3625 943 3709 incipiendo
972 3625 1094 3691 solvere
1126 3624 1168 3688 ed
1199 3625 1319 3690 festum
1345 3625 1438 3690 Pent.

299 3729 385 3775 anno
413 3711 549 3776 Domini
578 3719 637 3778 etc.
667 3712 759 3795 lxxj0.
819 3713 863 3777 m
894 3711 1088 3777 invenerrmt
1121 3710 1182 3794 liiij
1216 3730 1304 3774 acras
1338 3711 1438 3775 unius

298 3817 423 3864 amirae.
467 3799 511 3863 Et
536 3799 695 3866 fimabunt
720 3797 867 3882 quolibet
891 3819 976 3863 anno
1001 3820 1024 3862 x
1049 3817 1145 3862 acras.
1200 3797 1245 3861 Et
1270 3796 1440 3861 dimittent

298 3885 432 3948 aedificia
446 3890 481 3949 61
494 3891 612 3951 terram
627 3887 663 3950 in
677 3885 851 3950 sufficienti
864 3890 953 3951 statu
967 3885 1044 3970 qnia
1058 3884 1105 3948 ita
1115 3888 1311 3966 recepenrnt
1348 3883 1439 3968 Pleg’

299 3968 381 4034 alter
404 3970 536 4036 alterius
562 3980 596 4038 61
621 3972 678 4038 alii
700 3972 739 4037 de
761 3971 842 4036 villa
863 3972 921 4056 qui
942 3976 1068 4056 partem
1089 3969 1166 4035 inde
1188 3990 1229 4035 ex
1249 3969 1439 4035 dimissione

298 4053 458 4120 Johannis
487 4058 625 4124 Fremmr
655 4064 688 4124 et
717 4058 875 4124 sociorum
903 4078 1035 4123 suornm
1068 4055 1294 4140 praedictorum
1322 4076 1439 4120 mann-

299 4146 438 4224 opcrant.
482 4143 526 4207 Et
540 4145 663 4210 molent
676 4145 761 4210 blad’
773 4145 813 4210 de
827 4144 924 4210 dictis
935 4143 1105 4208 dominicis
1116 4143 1158 4207 ad
1168 4142 1306 4207 molend’
1316 4143 1437 4207 Prioris

296 4227 410 4293 codem
435 4229 530 4294 modo
555 4230 640 4295 sicut
662 4231 791 4296 molunt
815 4231 970 4296 detortis
995 4231 1244 4296 husbandorum.
1298 4227 1353 4313 [In
1378 4229 1437 4293 116

295 4314 868 4470 111111111111111111
890 4315 1437 4470 &dimittant

294 4489 391 4566 hand,
419 4489 480 4554 but
507 4490 597 4574 paler
625 4491 684 4555 ink
699 4497 768 4555 :-“
782 4491 949 4557 Johannes
986 4489 1072 4568 Rois,
1108 4489 1248 4554 Thomas
1285 4489 1435 4567 Freman,

293 4575 316 4638 J
317 4575 458 4641 ohannes
474 4577 583 4654 Busse,
594 4577 778 4642 Willclmns
793 4577 879 4642 filius
894 4577 1026 4642 Roberti
1040 4576 1209 4662 Wryght’'
1251 4575 1310 4639 All
1330 4575 1433 4653 these,
