3278 5204
205 563 298 624 1369.
470 574 1076 626 010000000000000000000000000.
1302 572 1342 630 85

200 738 250 797 000
264 732 336 797 Jur'
351 731 391 797 de
405 732 598 797 Wermouth
620 739 654 798 et
669 732 806 797 Fulwell
827 734 914 817 quod
929 733 1061 800 videant
1075 740 1191 802 terram
1213 737 1343 804 Ricardi

201 820 339 885 Gemma
363 826 398 884 et
421 819 580 904 Stephani
610 821 722 886 Certen
750 825 784 885 et
813 820 961 886 dividant
994 827 1097 888 metas
1130 823 1215 888 inter
1239 832 1340 892 000000

222 907 378 972 raedictas.

199 926 222 990 p
244 995 380 1059 Sarma.
424 993 476 1058 De
490 993 598 1058 Alicio
612 993 732 1058 ancilla
745 993 881 1059 manerii
891 994 969 1078 quia
982 995 1165 1062 tabemavit
1176 999 1339 1083 cotagium

199 1100 296 1145 suum
311 1081 382 1145 sine
390 1078 534 1158 licencia,
546 1079 586 1145 de
596 1080 814 1146 misericordia
824 1101 863 1145 ex
874 1081 989 1166 gracia,
996 1082 1051 1146 ad
1068 1119 1109 1132 ··
1147 1084 1339 1167 Injunctum

198 1173 249 1232 est
263 1167 346 1232 Adae
368 1167 494 1251 Shropp
509 1168 596 1251 quod
610 1167 752 1251 reparari
772 1167 871 1232 faciat
886 1168 1047 1253 rotagium
1069 1171 1155 1254 quod
1170 1172 1278 1236 000010
1298 1173 1339 1237 (10

198 1254 308 1318 Alicia
322 1254 439 1319 ancilla
453 1255 590 1320 manerii
605 1254 808 1321 sufficienter.

247 1432 340 1505 1369,
370 1428 613 1494 ΙΙΙ.-Το00100
643 1433 759 1493 turnus
796 1427 1025 1494 Helmotorum
1053 1431 1213 1515 incipiens
1250 1433 1338 1516 apud

200 1515 309 1578 Heb'n
330 1515 382 1580 die
404 1517 494 1581 Luna
509 1517 569 1581 viz.
592 1514 666 1599 iiij¹⁰
681 1516 734 1580 die
756 1515 873 1580 Marcii
895 1536 979 1580 anno
1001 1517 1136 1582 Domini
1159 1519 1337 1584 Millesimo

197 1601 375 1666 0001101010ο
396 1622 503 1666 coram
525 1603 664 1667 dominis
685 1603 707 1668 J
709 1602 835 1668 ohanne
850 1602 890 1667 de
905 1603 1174 1688 Hammygburgh
1196 1607 1336 1684 terrario,

196 1689 220 1753 J
221 1688 348 1753 ohanne
362 1690 402 1753 de
417 1690 602 1774 Beryngton
616 1689 769 1766 burserio,
784 1695 816 1753 00
830 1689 953 1753 Thema
968 1689 1101 1774 Surtays
1117 1693 1323 1758 seneschalla

239 1775 477 1841 Wrnnvrtoron.
522 1777 715 1860 Injunctum
730 1782 780 1841 000
798 1776 861 1858 jur’
883 1776 979 1840 100100
1001 1777 1090 1841 villae
1105 1783 1138 1841 et
1152 1778 1273 1842 villatae
1296 1779 1336 1843 de

195 1862 406 1926 Waileshend
442 1863 530 1947 quod
558 1863 691 1928 videant
727 1883 857 1928 cursum
885 1883 978 1946 aquae
1008 1863 1205 1928 decurrentis
1238 1865 1336 1948 juxta

197 1969 330 2012 murum
348 1950 510 2014 Johannis
532 1950 572 2015 de
587 1950 749 2014 Monkton
772 1955 805 2014 00
827 1948 977 2013 ordinent
998 1957 1123 2014 rectum
1143 1970 1273 2015 cursum
1296 1952 1337 2016 ad

195 2036 389 2100 currendum
401 2037 459 2100 ubi
469 2037 577 2102 minus
589 2037 764 2120 dampnum
777 2037 883 2100 fuerit.
892 2074 936 2084 —
944 2037 968 2100 J
969 2035 1111 2102 ohannes
1121 2037 1162 2101 de
1171 2038 1334 2102 Monkton

197 2123 290 2187 venit
314 2122 349 2186 in
376 2123 440 2186 cui
463 2130 497 2187 00
518 2123 605 2207 cepit
627 2145 731 2189 unum
759 2123 959 2206 mesuagium
985 2130 1018 2187 00
1039 2145 1107 2187 xxx
1129 2144 1218 2188 acrae
1243 2130 1336 2190 terrae

197 2230 271 2293 quaa
297 2210 463 2274 Johannes
490 2210 644 2275 Ponchon
669 2211 759 2295 prius
784 2209 891 2274 tenuit
916 2216 950 2273 00
975 2230 1102 2274 sursum
1127 2210 1268 2276 reddidit
1294 2213 1336 2276 ad

196 2317 280 2446 aa
309 2296 603 2448 00000
627 2294 1335 2449 cananaeaauarus

196 2475 231 2533 00
259 2469 377 2533 vicinis
406 2491 478 2554 quae
507 2404 720 2534 incumbuntq:
765 2434 955 2552 Inoipiendd
984 2469 1106 2534 solvere
1136 2471 1176 2534 ad
1212 2472 1334 2536 festum

196 2556 334 2620 Martini
363 2557 564 2640 m⁰ccc⁰lxxj⁰
587 2562 620 2620 00
646 2578 712 2621 000
737 2562 833 2621 antea
862 2556 940 2639 quia
964 2557 1120 2622 medietas
1145 2559 1245 2622 firmae
1270 2566 1333 2622 ter-

196 2643 280 2706 mini
302 2643 394 2707 Pent'
416 2644 560 2727 ejusdem
586 2643 663 2707 0001
687 2644 894 2719 condonatur,
915 2647 949 2706 00
973 2643 1146 2726 praedictus
1168 2643 1334 2708 Johannes

197 2730 353 2794 Ponchon
375 2729 478 2794 solvet
493 2729 626 2794 alteram
644 2730 851 2794 medietatem
873 2730 1016 2812 ejusdem
1031 2730 1162 2794 termini
1184 2731 1275 2794 Pent’
1294 2750 1335 2794 ex

195 2817 421 2881 convencione.
465 2817 551 2901 Pleg.
567 2853 608 2866 --
653 2818 696 2881 Et
711 2817 767 2881 dat
780 2837 838 2901 pro
852 2816 993 2900 gres'm’a
1010 2822 1053 2881 2s.

240 2904 393 2968 800000.
438 2903 520 2987 Agn’
535 2924 608 2987 quae
622 2903 687 2967 fuit
701 2924 781 2967 uxor
795 2903 926 2967 Thomae
935 2902 1014 2966 Aire
1029 2903 1116 2986 oepit
1130 2901 1210 2966 duas
1225 2909 1332 2985 partes

194 2989 305 3054 libarae
320 2997 413 3054 terrae
427 2990 573 3073 praedicti
587 2990 718 3055 Thomae
733 2990 768 3053 in
784 2987 981 3071 Suthewyk:
1006 2989 1142 3052 hahend'
1158 2994 1190 3052 00
1204 2987 1333 3052 tenend'

195 3096 299 3160 usque
325 3077 366 3141 ad
395 3075 534 3160 plenam
555 3082 684 3142 aetatem
712 3077 827 3140 Aliciaa
855 3076 931 3139 filiae
961 3080 994 3139 00
1022 3075 1158 3139 haeredis
1187 3075 1335 3159 praedicti

196 3163 348 3228 Thomas:
370 3163 457 3227 redd.
472 3163 549 3227 inde
571 3159 728 3228 scaccario
742 3163 783 3228 de
797 3163 898 3227 libera
911 3161 1003 3225 firma
1029 3167 1093 3226 110.
1110 3166 1142 3225 00
1156 3161 1242 3225 01000
1267 3167 1332 3226 100.

194 3271 224 3333 p.
241 3271 268 3314 0
306 3249 392 3334 Plag.
409 3287 421 3298 ·
438 3287 451 3298 -
466 3251 509 3313 Et
520 3250 726 3334 maritagium
735 3254 915 3315 reservatur
924 3248 1073 3313 Domino.
1111 3248 1155 3312 Et
1165 3249 1333 3313 sciendum

196 3337 283 3421 quod
297 3336 453 3419 praedicta
473 3336 582 3401 Alicia
596 3338 658 3402 0010
679 3338 783 3401 aetatis
799 3358 821 3399 x
836 3355 993 3399 annorum
1014 3335 1056 3399 ad
1070 3336 1189 3400 festum
1211 3336 1332 3399 exalta-

195 3423 298 3487 cionis
314 3423 345 3487 S.
362 3423 474 3488 Crucis
488 3444 578 3508 prox.
593 3425 738 3488 10000000
754 3461 766 3472 -
783 3461 795 3472 -

239 3511 450 3575 1110000000.
495 3511 686 3594 Injunctum
700 3517 749 3576 000
761 3510 823 3595 jur'
838 3509 925 3593 quod
940 3507 1079 3592 separari
1093 3510 1214 3573 1001000
1228 3529 1332 3572 unum

195 3601 418 3660 tenementum
443 3597 529 3681 quod
559 3597 743 3681 Stephanus
769 3597 881 3661 Carter
904 3601 937 3660 00
965 3596 1102 3660 Thomas
1128 3597 1241 3659 Porter
1262 3596 1331 3677 jam

194 3683 379 3747 deffunctus
394 3689 548 3767 ceperunt
562 3684 603 3748 ad
617 3684 759 3748 invicem
777 3684 825 3748 ita
839 3683 926 3767 quod
940 3703 1022 3746 uxor
1042 3682 1187 3764 praedicti
1201 3680 1331 3743 Thomee

193 3770 313 3834 habeat
348 3791 448 3834 unam
484 3770 692 3835 medietatem
727 3776 761 3836 00
799 3770 971 3854 praedictus
1009 3768 1193 3851 Stephanus
1233 3766 1332 3829 aliam

194 3856 409 3922 medietatem.

238 3944 409 4008 11000000.
454 3943 645 4026 Injunctum
666 3950 717 4008 est
742 3943 892 4007 omnibus
913 3939 1100 4006 tenentibus
1126 3939 1222 4003 100100
1244 3938 1332 4002 villae

195 4035 232 4093 et·
244 4029 347 4094 villat'
369 4030 409 4094 de
426 4030 618 4095 Wermouth
640 4035 674 4095 00
695 4030 855 4113 Suthwyk
876 4027 963 4112 quod
985 4026 1109 4091 molant
1131 4025 1172 4090 ad
1194 4025 1332 4091 molend’

194 4117 236 4180 de
252 4116 413 4200 Suthwyk
428 4122 461 4180 et
475 4137 541 4180 non
555 4116 642 4181 alibi.

238 4202 527 4268 wrsr-Rnrrror.
587 4203 777 4287 Injunctum
806 4207 856 4268 est
887 4202 951 4286 jur’
980 4201 1066 4285 quod
1095 4199 1262 4284 inquirent
1298 4199 1334 4262 in

195 4293 353 4372 quantam
389 4291 465 4354 terr'
501 4294 535 4355 00
569 4292 633 4354 ten'
663 4289 825 4354 Johannis
861 4290 999 4352 Tomaon
1037 4287 1270 4352 deteriorantur
1299 4286 1335 4348 10

194 4375 318 4444 tenuris
334 4377 357 4440 J
359 4376 496 4441 ohannis
511 4377 625 4441 Rauen
639 4381 673 4440 00
687 4376 804 4440 Isoldae
817 4395 921 4459 nuper
934 4375 1043 4439 uxoris
1059 4376 1128 4458 ejus
1150 4379 1183 4437 et
1197 4391 1335 4456 praesen-

193 4467 266 4526 tant
277 4463 347 4546 [eie]
358 4463 399 4527 ad
411 4463 533 4547 prox’.·
550 4502 563 4513 -
578 4463 658 4527 Dies
670 4462 764 4528 datus
776 4469 826 4527 000
839 4500 854 4509 -
870 4500 883 4511 -
897 4464 921 4528 J
922 4461 1042 4526 ohanni
1054 4462 1166 4526 Rauen
1177 4466 1210 4524 et
1221 4477 1335 4522 execu-

192 4550 318 4614 toribus
345 4551 534 4616 testamenti
555 4550 672 4616 Isoldae
694 4550 804 4615 uxoris
827 4570 902 4627 suae,
924 4550 984 4615 viz.
1011 4549 1112 4614 Henr'
1135 4548 1174 4611 de
1199 4545 1266 4629 [sic]
1293 4542 1337 4606 fil’
