3052 5216
559 567 734 618 APPENDIX.
1158 557 1217 614 241

116 724 217 801 item,
234 723 280 806 vj⁰
302 729 429 808 eetages
451 723 573 789 ibidem
593 725 629 788 of
648 725 786 789 severall
807 732 914 790 rentes
937 725 1002 790 and
1025 726 1061 790 in
1085 725 1223 791 severall

158 831 243 874 men
257 811 308 875 his
324 811 542 895 occupatione,
556 833 615 896 per
629 833 762 884 annum,
779 819 845 878 493.
864 813 915 878 id.

118 897 338 962 Marmeduek
353 899 456 975 Parte,
471 919 529 981 pro
545 920 610 962 uno
625 899 749 983 eotagio
763 899 895 977 ibidem,
911 920 968 983 per
983 920 1115 977 annum,
1135 906 1199 963 123.

119 985 218 1049 Idem
231 1005 289 1068 pro
305 986 431 1049 duobus
446 985 583 1069 oppallis
599 985 730 1063 ibidem,
745 1007 802 1071 per
817 1008 948 1063 annum,
966 994 1009 1052 43.

163 1072 245 1135 And
259 1073 287 1136 13
302 1078 337 1135 to
352 1072 428 1136 take
443 1093 462 1136 a
478 1073 563 1136 13333
578 1073 643 1136 and
657 1094 722 1156 pay
737 1075 788 1137 for
801 1073 857 1139 the
873 1095 971 1152 same,
988 1073 1049 1137 411.

121 1160 219 1236 Item,
234 1166 290 1222 ten
305 1167 432 1242 eotages
453 1167 486 1222 at
509 1160 644 1223 severall
659 1168 768 1225 rentes
784 1162 848 1225 and
871 1161 907 1224 in
922 1161 1058 1227 several]
1073 1181 1149 1225 men
1171 1161 1225 1222 his

165 1246 385 1329 occupatione,
400 1266 604 1330 perannum,
621 1254 687 1312 463.
705 1248 754 1313 4d.

120 1334 142 1396 J
145 1332 285 1396 ohannis
302 1334 375 1410 Bae,
390 1353 447 1416 pro
462 1333 532 1396 libr.
548 1335 628 1398 firm.
645 1335 775 1410 ibidem,
790 1355 994 1419 perannum,
1012 1335 1083 1400 led.

123 1421 276 1484 Wedowe
293 1418 462 1504 Chapmen
476 1440 534 1502 pro
549 1442 604 1486 un.
620 1421 736 1504 appell.
752 1422 883 1498 ibidem,
898 1441 956 1504 per
971 1442 1104 1498 annum,
1120 1427 1165 1485 23.

122 1508 279 1571 Tenuent.
294 1506 415 1570 ibidem
431 1527 488 1590 pro
504 1515 576 1571 terr.
594 1528 660 1572 voe.
677 1508 767 1592 Lady
783 1509 918 1585 Laudes,
936 1514 978 1572 3a.
997 1508 1046 1572 id.

123 1594 235 1657 Thom.
252 1593 425 1676 Beynbiig,
439 1614 509 1678 gen.
526 1615 583 1677 pro
597 1595 668 1658 libr.
685 1596 730 1658 fir.
747 1596 877 1669 ibidem,
895 1601 960 1660 203.

123 1682 257 1746 Tenent.
273 1681 394 1744 ibidem
409 1700 467 1763 pro
484 1681 656 1745 Communi
672 1683 777 1758 Furn,
793 1703 850 1765 per
864 1702 996 1758 annum,
1012 1688 1077 1746 203.

167 1769 232 1831 Pro
247 1767 499 1844 Wethermareh‚
513 1788 571 1850 pei·
586 1790 717 1846 annum,
735 1776 800 1833 203.

167 1855 231 1918 Pro
245 1855 277 1938 vj
295 1875 356 1918 aer.
371 1860 443 1917 terr.
459 1855 494 1917 in
509 1856 670 1940 Frognell,
686 1876 891 1939 perannum,
909 1863 974 1920 243.

167 1943 212 2004 Et
227 1963 285 2026 pro
301 1942 367 2005 dee.
384 1941 452 2005 feni
466 1941 597 2019 ibidem,
612 1964 671 2026 per
686 1964 817 2019 annum,
834 1948 899 2006 203.
1063 2023 1066 2030 ⁴

127 2029 232 2093 Viear.
256 2028 378 2092 ibidem
402 2049 461 2111 pro
490 2030 556 2093 dee.
581 2030 662 2092 foeni
686 2030 747 2092 lini
772 2038 805 2094 et
834 2030 944 2094 canab.
970 2049 1065 2093 erese.
1091 2029 1127 2091 in
1152 2033 1225 2091 terr.

169 2116 269 2179 arrab.
285 2116 415 2191 ibidem,
431 2135 635 2198 perannum,
653 2119 695 2180 73.

128 2203 438 2284 Mieh.Jaes0n,p1·0
453 2203 641 2267 molendino
653 2203 784 2280 ibidem,
799 2223 857 2286 per
872 2223 1003 2279 annum,
1017 2202 1077 2265 611.
1098 2206 1161 2264 133.
1175 2201 1226 2263 4d.

168 2290 201 2353 A
222 2289 309 2354 13333
332 2290 396 2353 dat.
416 2294 470 2351 180
492 2291 577 2375 Sept.
602 2311 686 2354 anno
701 2291 833 2373 Reginae
855 2290 995 2354 seeundo
1010 2290 1060 2353 for
1081 2310 1141 2353 one
1164 2288 1229 2350 and

215 2383 341 2459 twenty
355 2395 447 2458 yeies
463 2377 547 2441 after
562 2377 618 2441 the
634 2377 731 2441 death
747 2377 783 2440 of
795 2379 818 2441 J
820 2377 885 2440 ohn
900 2378 923 2442 J
925 2397 1031 2454 aeson,
1045 2376 1097 2440 his
1113 2375 1230 2450 father,

214 2485 286 2527 now
302 2463 391 2527 dead.

130 2551 224 2615 Firm.
240 2551 279 2614 de
294 2551 321 2613 F
322 2572 394 2634 erry
410 2553 519 2627 Beate,
534 2571 592 2633 per
607 2571 740 2627 annum,
757 2557 822 2614 103.

258 2638 396 2702 Deeaed.

129 2724 343 2789 Marmaduke
367 2726 545 2810 Ohapman,
560 2745 618 2808 pro
642 2725 737 2788 Peter
752 2724 890 2800 Meiahe,
905 2743 1002 2806 super
1025 2742 1156 2797 morem,
1172 2742 1230 2804 per

172 2832 304 2888 annum,
323 2818 386 2876 163.

131 2899 239 2961 Vidua
255 2898 434 2982 Ohapmnn,
449 2919 507 2982 pro
522 2898 607 2962 Litle
623 2898 762 2973 Mershe‚
777 2918 835 2981 per
850 2917 981 2973 annum,
995 2902 1059 2960 103.

172 2986 215 3047 Et
230 3006 288 3070 pro
303 3007 369 3049 una
384 2986 532 3050 clausura
547 2992 662 3049 vocata
677 2985 869 3060 Hallerroie
884 3004 942 3067 per
957 3003 1089 3059 annum,
1107 2987 1172 3044 203,

130 3071 343 3136 Mermaduck
360 3073 538 3155 Ohapman,
552 3093 610 3155 pro
627 3073 657 3134 le
673 3072 778 3148 Oreh,
791 3092 993 3154 perannum,
1010 3076 1076 3134 203.

131 3160 263 3223 Tenent.
278 3159 399 3223 ibidem
416 3181 474 3242 pro
489 3161 563 3242 Arg.
579 3161 673 3235 Tern,
687 3179 746 3241 per
760 3179 892 3234 annum,
909 3163 974 3222 463.
994 3157 1063 3220 lod.

173 3248 236 3309 Pro
253 3246 376 3310 Metrid
391 3247 458 3310 vill.
474 3247 605 3321 ibidem,
620 3266 678 3328 per
693 3266 823 3321 annum,
841 3251 885 3308 23.
903 3245 953 3308 ad.

172 3335 235 3397 Pro
251 3333 436 3416 Bresinage,
450 3354 508 3417 per
523 3354 655 3408 annum,
672 3338 716 3396 53.

173 3421 236 3483 Pro
252 3420 432 3484 Gell'corne
447 3421 577 3494 ibidem,
591 3440 649 3502 per
663 3439 795 3493 annum,
812 3424 855 3482 3s.
874 3419 923 3480 id.

172 3508 236 3570 Pro
253 3507 421 3571 Hove’den
437 3506 510 3569 Hill
525 3506 656 3582 ibidem,
671 3526 874 3588 perannum,
892 3510 956 3568 33s.
975 3505 1026 3568 431.

173 3595 236 3657 Pio
252 3595 377 3658 Burton
392 3594 479 3670 Pice,
494 3614 552 3676 per
566 3613 699 3668 annum,
717 3599 759 3655 33.
777 3592 826 3655 id.

173 3681 236 3743 Pro
251 3680 283 3744 13
300 3681 400 3745 Oourt
415 3681 535 3756 Haver,
550 3700 755 3762 perannum,
772 3682 789 3744 7
792 3699 815 3743 3.
833 3679 883 3742 ed.

174 3769 237 3830 Pro
253 3769 304 3831 xx?
321 3769 413 3843 Aue,
427 3788 485 3850 pei
499 3788 630 3842 annum,
648 3772 690 3829 33.
709 3765 758 3830 ed.

174 3855 237 3917 Pro
251 3856 329 3917 xxx'
344 3854 494 3932 Gallium,
508 3875 565 3936 per
579 3874 710 3928 annum,
727 3859 770 3916 5s.

175 3943 237 4004 Pro
254 3941 373 4025 Cotage
389 3943 475 4005 Rent
491 3942 635 4017 HenneS,
649 3961 707 4024 per
722 3961 853 4013 annum,
871 3945 914 4001 23.
932 3938 982 4000 nd.

175 4027 237 4091 Pro
255 4028 322 4090 2⁰lx
338 4030 423 4092 Rent
438 4029 552 4112 Egges‚
566 4048 624 4110 per
638 4047 770 4104 annum,
789 4026 859 4089 iad.

134 4113 283 4178 Decanus
309 4115 462 4180 Dunelm.
489 4136 546 4198 pro
572 4116 621 4176 37’
643 4118 747 4197 quart.
770 4120 804 4176 et
831 4113 873 4177 di.
899 4111 997 4187 ordei,
1021 4131 1078 4193 per
1102 4131 1235 4185 annum,

177 4201 243 4265 411.
263 4209 307 4266 83.
326 4202 374 4266 ed.

219 4290 322 4373 Being
342 4288 419 4372 paid
441 4297 475 4351 to
495 4288 552 4352 the
568 4289 609 4352 D.
632 4289 676 4372 by
696 4287 753 4351 the
775 4292 959 4363 tenuanteS,
981 4284 1046 4349 and
1066 4285 1122 4348 the
1139 4285 1178 4349 D.
1201 4292 1235 4347 to

262 4397 387 4440 anawer
401 4377 458 4439 the
473 4376 574 4439 house
589 4375 645 4438 the
662 4374 732 4438 said
746 4380 828 4440 rent.

136 4459 295 4526 Katherin
320 4462 564 4546 Whittingham
589 4462 691 4544 hayth
715 4461 751 4524 in
774 4461 860 4525 13333
884 4460 978 4524 heroi
1002 4458 1066 4522 dat.
1093 4457 1235 4539 secundo

175 4549 313 4634 August.
329 4571 414 4614 anne
430 4551 561 4634 Reginae
578 4556 611 4612 6⁰
625 4551 661 4612 in
677 4548 733 4613 the
753 4569 850 4612 name
865 4550 901 4612 of
915 4546 1040 4630 Godfry
1055 4545 1156 4622 Tofte,
1171 4542 1236 4606 had

652 4652 672 4709 Q
