3278 5204
225 581 420 644 1372-1373.
487 595 646 644 Haemona
661 596 842 646 amouimus
857 596 1096 646 DUNELMENSIS.
1296 583 1356 646 117

220 750 308 814 exire
322 751 436 815 villam
457 751 527 816 sine
549 753 705 817 custodia.
717 787 761 798 -
772 753 909 818 Thomas
931 754 1018 818 filius
1039 753 1201 820 Johannis
1219 754 1357 818 Watson

221 839 309 919 oepit
324 842 409 902 totas
424 843 556 904 tenuras
571 839 688 904 ultimo
707 838 744 903 in
764 846 879 904 tenura
893 841 945 924 pd.
961 842 984 905 J
985 841 1139 906 ohannis:
1161 840 1297 906 haband.
1313 875 1326 888 ·
1343 877 1356 890 ·

221 924 368 988 61161111.
384 925 460 989 vitae
475 926 666 990 6116611611.
682 947 740 1010 pro
754 927 868 1010 primis
890 928 994 992 tribus
1015 928 1109 992 annis
1130 948 1188 1011 pro
1209 927 1356 1011 quolibet

220 1031 307 1074 anno
324 1017 389 1076 53s.
406 1011 456 1075 41.
472 1018 506 1077 61
527 1019 639 1096 postea
660 1012 804 1097 quolibet
826 1034 912 1078 anno
930 1019 994 1080 aas.
1012 1014 1071 1092 81,
1085 1013 1271 1098 inoipiendo
1291 1013 1355 1077 sol-

220 1117 295 1161 vere
318 1098 360 1162 ad
383 1098 503 1164 festum
523 1100 614 1164 Pent.
638 1116 702 1164 Am.
725 1107 784 1164 eto.
807 1099 941 1183 lxxiiijtr
956 1101 1057 1165 --Et
1078 1100 1247 1166 sciendum
1268 1099 1355 1183 quod

217 1184 372 1266 praediota
385 1190 570 1250 tenementa
584 1191 617 1250 et
631 1191 750 1250 terram
763 1187 891 1251 invonit
912 1187 948 1251 in
968 1187 1142 1252 sufficienti
1156 1192 1246 1252 statu
1259 1192 1293 1251 et
1307 1187 1355 1250 116

218 1271 373 1336 dimittet.
389 1309 401 1320 ·
418 1309 430 1320 ·
446 1272 599 1337 Gres’m'a'
615 1277 691 1349 40s.‚
706 1280 739 1338 et
753 1274 953 1338 condonatur
966 1294 1024 1357 per
1037 1273 1205 1339 terrarium
1222 1279 1265 1338 66.
1283 1273 1333 1338 81.

263 1358 475 1423 Wnnmourfl.
527 1359 718 1442 Injunotum
747 1365 798 1424 est
826 1361 975 1425 omnibus
1003 1361 1190 1425 tenentibus
1219 1359 1354 1423 Domini

219 1445 307 1594 quod
321 1444 432 1509 nullus
448 1466 559 1510 eorum
582 1452 668 1510 emat
683 1447 753 1530 [aia]
769 1447 938 1512 cervisiam
952 1448 989 1511 in
1002 1447 1093 1516 villa,
1104 1446 1184 1512 aiibi
1198 1467 1296 1530 quam
1311 1445 1353 1510 ad

242 1531 302 1594 rss'
318 1532 446 1596 Primis,

263 1617 431 1683 Summum.
476 1618 665 1702 Injunotum
680 1623 729 1684 est
744 1619 893 1684 omnibus
907 1619 1135 1685 brasiatoribus
1157 1619 1252 1685 istius
1267 1618 1354 1682 villae

219 1707 253 1767 et
266 1704 371 1768 villat'
386 1704 426 1770 16
440 1705 633 1769 Wermouth
647 1706 734 1788 quod
749 1727 815 1769 non
829 1713 939 1770 emant
953 1707 1085 1772 ordeum
1107 1707 1185 1771 alibi
1200 1727 1298 1790 quam
1313 1705 1353 1770 16

219 1790 315 1853 61166
329 1792 464 1855 Domini
478 1791 556 1855 dum
570 1792 677 1856 habet.

261 1877 482 1943 wrunsrowu.
519 1878 640 1942 Oeoilia
654 1879 721 1943 filia
736 1879 852 1962 Rogeri
863 1879 962 1943 Ward
974 1880 1060 1962 oepit
1073 1899 1177 1943 unum
1191 1879 1353 1960 ootagium

218 1967 251 2026 et
265 1963 312 2046 xij
328 1983 416 2028 aoras
431 1970 523 2029 terrae
538 1985 610 2047 quae
628 1967 772 2049 Rogerus
786 1965 886 2030 Ward
901 1971 934 2030 et
949 1965 1057 2029 Alioia
1077 1986 1159 2030 uxor
1178 1966 1248 2048 ejus
1262 1964 1352 2046 prius

217 2056 413 2114 tenuerunt:
435 2051 570 2116 habend’
586 2087 599 2100 ·
615 2089 629 2101 ·
643 2053 786 2116 61161111.
802 2053 897 2116 vitae:
918 2052 1004 2116 redd.
1020 2073 1049 2134 p.
1066 2073 1093 2117 a.
1111 2058 1154 2116 2s.
1170 2052 1353 2133 etantiqua

217 2156 314 2219 opera
329 2174 342 2185 ·
358 2174 371 2185 ·
387 2137 539 2202 Gres’m’a
564 2143 628 2202 l3s.
652 2138 703 2203 41.
754 2139 812 2222 [Io
837 2141 965 2222 margia
990 2139 1256 2204 “Incrementum
1281 2137 1351 2200 red-

215 2223 304 2287 ditus
318 2223 399 2307 ad.”]
411 2262 454 2271 -
465 2225 516 2289 De
527 2225 710 2309 Margareta
721 2225 760 2290 de
771 2225 911 2290 Tudowo
923 2225 970 2308 21.
984 2225 1066 2310 [aad
1072 2228 1153 2309 soor
1167 2225 1278 2308 otiare]
1293 2244 1351 2308 pro

216 2312 467 2393 transgressione
482 2311 568 2376 faeta
581 2312 617 2374 in
631 2311 733 2396 oamp'
745 2311 785 2376 de
800 2313 977 2377 Wiuestow
992 2313 1135 2396 capiend'
1148 2312 1272 2376 oarbon'
1283 2311 1352 2376 sine

214 2395 352 2462 licencia
365 2397 501 2461 Domini
516 2398 555 2462 de
570 2399 716 2482 quolibet
730 2403 768 2462 ut
782 2403 875 2482 patet
889 2419 985 2483 super
999 2400 1105 2484 eapite
1119 2400 1241 2463 taxent'
1259 2398 1329 2462 151.

263 2571 354 2633 1373.
378 2570 548 2654 I.-Apud
569 2571 858 2656 Est-M[erington]
881 2591 989 2636 coram
1011 2571 1150 2636 dominis
1172 2571 1294 2634 Thema
1313 2569 1352 2634 de

215 2656 385 2739 Herdwyk
398 2657 531 2721 terrario
546 2657 569 2720 J
570 2658 619 2721 oh.
637 2707 643 2720 .
660 2709 666 2722 .

258 2743 565 2808 Nasson-Kamara.
618 2744 781 2808 Walterus
811 2743 983 2828 Bisehopp‚
1005 2746 1168 2809 Walterus
1195 2741 1353 2817 Mustard‚

215 2834 249 2893 et
274 2830 431 2894 Ricardus
457 2830 497 2894 de
526 2831 659 2894 Neuton
686 2831 874 2914 jur'.-De
897 2831 1061 2914 Willelmo
1088 2829 1266 2913 Sohephird
1293 2849 1353 2911 pro

213 2917 467 3000 transgressione
496 2918 581 2981 faeta
606 2917 750 2982 Johanni
779 2918 929 2982 Mustard
958 2938 995 2982 eo
1025 2917 1111 3001 quod
1133 2915 1349 2998 verberavitj

214 3023 348 3087 porcum
375 3003 555 3087 [“equum”
585 3005 690 3068 etruria
714 3005 781 3088 out]
794 3005 846 3068 'ad
873 3004 1001 3086 dampn'
1027 3003 1086 3080 4d.‚
1109 3008 1143 3066 et
1172 3003 1274 3066 eciam
1297 3001 1352 3064 de-

213 3095 345 3172 pastum
367 3094 417 3154 est
437 3091 522 3155 blad'
544 3090 595 3174 pd.
616 3090 777 3156 Johannis
800 3092 842 3155 ad
863 3091 1043 3155 valenciam
1066 3089 1129 3168 4d.,
1147 3095 1243 3173 prout
1265 3108 1351 3151 oom-

212 3183 344 3258 pertum
358 3183 408 3242 est
429 3198 486 3260 per
507 3177 761 3260 inquisitionem,
779 3178 819 3242 da
840 3177 1066 3253 misericordia,
1081 3176 1162 3260 pleg.
1186 3175 1351 3238 Gilbertus

215 3262 343 3327 Grobbe
361 3263 410 3327 6d.

259 3349 404 3414 Ooueou.
448 3351 524 3414 Tres
539 3370 619 3414 aerae
633 3354 727 3414 terrae
745 3351 890 3434 jacentes
912 3369 1009 3432 super
1025 3349 1057 3413 le
1073 3348 1220 3414 Ooilflate
1233 3347 1351 3411 ultimo

213 3437 250 3499 in
265 3440 379 3499 tenura
394 3437 417 3500 J
418 3435 554 3500 ohannis
570 3436 630 3499 filii
651 3438 785 3501 Roberti
800 3457 872 3521 quae
887 3437 944 3500 diu
962 3437 1135 3519 jacuerunt
1149 3436 1230 3499 vast'
1253 3434 1353 3517 assig-

213 3528 334 3585 nantur
347 3523 533 3587 tenentibus
548 3522 588 3587 de
605 3524 739 3606 Ooupon
754 3524 884 3588 tenend?
895 3530 928 3587 et
938 3522 1074 3587 habend’
1086 3543 1253 3606 quousque
1268 3521 1351 3586 nlius

211 3614 328 3673 tenens
350 3611 475 3674 venerit
499 3610 558 3692 qui
583 3630 695 3692 capere
716 3610 873 3674 voluerit:
901 3609 989 3675 redd.
1015 3609 1184 3692 antiquam
1209 3609 1351 3671 firmam:

212 3696 400 3780 incipiendo
426 3696 548 3760 solvere
578 3697 619 3760 ad
648 3697 768 3761 festum
798 3697 829 3761 S.
860 3695 997 3760 Martini
1021 3716 1109 3778 prox.
1140 3695 1350 3758 futurum.-

212 3783 236 3846 J
237 3781 381 3848 ohannes
393 3783 506 3847 Pulter
517 3780 631 3866 junior
642 3783 729 3866 oepit
739 3804 842 3847 unum
857 3783 1051 3866 bondagium
1063 3781 1179 3844 ultimo
1190 3779 1225 3842 in
1236 3785 1352 3844 tenura

211 3868 297 3952 Agn'
312 3869 477 3952 quondam
492 3870 601 3933 uxoris
616 3871 639 3934 J
641 3870 777 3934 ohannis
792 3871 952 3953 Feryman
966 3888 1053 3931 nuno
1068 3867 1177 3930 uxoris
1192 3866 1351 3930 Willelmi

212 3956 341 4020 Jakson
362 3957 449 4038 quod
471 3956 558 4020 idem
573 3956 758 4020 Willelmus
780 3977 908 4020 sursum
930 3955 1071 4019 reddidit
1090 3955 1130 4017 ad
1146 3973 1225 4036 opus
1247 3953 1351 4036 ipsius
1452 3963 1454 3968 ‘

213 4043 236 4106 J
237 4042 393 4106 ohannis:
415 4042 552 4107 habend'
568 4047 600 4107 et
614 4043 679 4106 ten'
696 4043 736 4107 ad
750 4049 841 4108 term.
858 4043 934 4106 vitae
949 4062 1015 4106 suaa
1029 4079 1043 4088 -
1058 4078 1073 4088 -

256 4128 460 4192 Hawonrfls.
504 4130 555 4194 De
585 4129 723 4193 Rioardo
752 4131 792 4193 de
816 4129 985 4212 Stanhopp
1013 4148 1072 4212 pro
1101 4127 1353 4210 transgressione

211 4215 299 4278 faeta
314 4235 390 4278 oum
405 4215 521 4280 averiis
536 4217 604 4280 suis
626 4216 661 4279 in
676 4216 707 4280 le
722 4217 827 4293 Leme,
844 4217 893 4279 61.
905 4250 948 4260 -
958 4217 981 4280 J
982 4214 1124 4278 ohannes
1147 4214 1187 4278 de
1210 4214 1352 4278 Shaffeld

212 4300 300 4383 oepit
314 4322 500 4385 quarreram
514 4303 550 4366 in
566 4302 692 4367 Chilsid
708 4341 721 4352 -
737 4340 750 4350 -

257 4389 437 4453 Mornron.
483 4390 675 4472 Injunotum
700 4395 749 4453 est
771 4389 922 4453 omnibus
944 4388 1130 4452 tenentibus
1152 4386 1240 4451 villae
1265 4388 1352 4470 quod

212 4474 272 4537 dis'
298 4474 334 4537 in
357 4475 451 4539 terris
476 4482 510 4540 et
532 4475 726 4541 tenementis
749 4475 910 4541 Johannis
936 4475 975 4538 de
999 4472 1193 4538 Hethworth
1219 4494 1276 4557 pro
1302 4473 1352 4536 81.

211 4560 331 4625 debitis
347 4561 386 4626 de
402 4563 566 4644 praedietis
581 4563 675 4626 terris
691 4568 724 4626 et
738 4563 825 4647 quod
840 4561 945 4646 fugari
954 4589 956 4592 ·
965 4561 1086 4625 faciant
1100 4579 1201 4642 usque
1216 4561 1239 4622 J
1240 4579 1351 4624 arowe.

256 4648 467 4713 Wsauourfl.
512 4650 563 4714 De
577 4649 744 4714 Willelmo
761 4651 873 4738 Carter
892 4669 951 4732 pro
966 4648 1065 4712 assisa
1079 4645 1221 4710 cervisiae
1243 4645 1353 4722 fracta,
