3278 5204
265 574 326 632 118
524 581 1134 631 nannoniraroasrosonnmunusrs.
1306 566 1398 629 1373.

264 740 431 803 6d.-De
458 739 625 803 Willelmc
655 739 767 803 (latter
796 738 874 822 quia
900 739 1050 803 vendidit
1078 740 1225 822 lagenam
1255 737 1399 803 cervisiae

262 827 366 890 carius
382 846 480 910 quam
491 826 505 910 j
518 825 557 902 d.‚
572 825 612 890 de
626 825 845 890 misericordia
863 825 933 890 rad.
948 827 1052 889 -De
1061 827 1184 909 Bogero
1196 825 1307 889 Gestar
1321 825 1400 908 quia

262 913 341 976 emit
356 913 525 978 cervisiam
540 912 619 976 alibi
639 932 737 995 quam
751 913 787 975 in
802 912 881 976 villa
894 912 1033 996 propria,
1050 913 1109 988 6d.,
1124 911 1323 976 condonatur
1341 931 1399 993 per

261 1000 440 1064 terrarium
452 1038 495 1048 -
506 999 557 1062 Dc
571 999 694 1063 Thoma
703 998 850 1062 Widowe
861 1001 918 1082 qui
933 999 1013 1063 emit
1027 999 1195 1064 cervisiam
1209 998 1246 1060 in
1258 996 1398 1062 Suader-

261 1086 340 1151 land
369 1091 403 1150 et
431 1085 625 1150 Wermouth
655 1089 746 1148 extra
782 1084 972 1161 dominium,
1004 1086 1052 1150 6d.
1065 1085 1311 1167 -Injunctum
1348 1088 1399 1147 est

263 1173 413 1236 omnibus
434 1172 621 1236 tenentibus
636 1171 724 1235 villae
745 1171 833 1253 quod
853 1171 964 1236 nullus
987 1192 1097 1236 eorum
1118 1177 1207 1236 emat
1228 1170 1398 1235 cervisiam

263 1265 355 1322 extra
377 1258 682 1323 dominium-De
703 1258 825 1321 Thema
849 1257 914 1321 filio
928 1257 1035 1323 viduae
1057 1259 1132 1342 [ona
1147 1259 1183 1322 of
1202 1257 1258 1321 the
1277 1256 1397 1340 jurcrs]

262 1366 321 1428 pro
336 1366 401 1408 una
416 1345 480 1408 olla
494 1345 558 1407 luti
572 1344 673 1428 precii
689 1343 748 1419 6d.,
764 1349 797 1408 et
817 1344 852 1407 ix
867 1344 990 1428 lagenis
1012 1345 1156 1409 cervisiae
1169 1344 1271 1427 precii
1291 1343 1350 1420 ad„
1364 1351 1398 1406 et

266 1439 311 1496 3s.
336 1431 406 1495 10d.
437 1432 485 1494 ob.
517 1450 597 1514 quos
623 1429 777 1514 MarJ'cria
804 1431 915 1496 Carter
943 1432 1145 1515 recuperavit
1173 1432 1211 1494 in
1239 1431 1329 1494 curia
1357 1430 1398 1493 de

264 1518 399 1584 cervisia
414 1517 454 1580 ab
470 1538 508 1581 ca
522 1522 640 1601 empta,
654 1517 694 1581 dc
709 1517 926 1582 misericordia
943 1518 993 1582 6d.

306 1604 535 1668 Wrunsrown.
579 1604 769 1687 Injunctum
783 1611 833 1668 est
847 1605 997 1668 omnibus
1011 1604 1197 1669 tenentibus
1208 1604 1297 1667 villae
1311 1603 1399 1686 quod

263 1691 374 1754 nullus
397 1711 507 1755 eorum
528 1697 662 1755 teneant
683 1690 753 1774 [sic]
775 1691 899 1756 lisiscas
920 1691 1049 1775 [r-the
1071 1691 1159 1755 word
1176 1711 1280 1755 seems
1301 1695 1334 1753 to
1357 1689 1398 1753 be

264 1779 395 1842 written
409 1777 529 1860 clearly
544 1777 683 1860 enough]
699 1781 773 1860 post
787 1777 907 1842 festum
923 1779 953 1842 S.
970 1777 1058 1842 Petri
1073 1778 1114 1840 ad
1128 1777 1266 1841 vincula

308 1865 460 1928 Hannon.
513 1864 565 1928 Dc
586 1865 710 1947 Rogero
732 1863 839 1941 Ward,
863 1864 1014 1929 Jchanne
1039 1864 1107 1928 filio
1129 1863 1254 1947 Rogeri,
1276 1862 1399 1925 Thoma

264 1951 348 2036 Paga
363 1951 441 2035 quia
455 1950 629 2016 noluerunt
643 1951 847 2015 accomodare
860 1951 934 2016 leot’
950 1952 991 2015 ad
1006 1950 1149 2014 Halmot’
1164 1949 1308 2025 Domini,
1326 1949 1398 2013 18d.

306 2039 557 2101 Esr-Rsvnrorv.
624 2038 816 2119 Injunctum
852 2042 902 2101 est
938 2038 1126 2103 tenentibus
1163 2036 1398 2101 dominicorum

263 2124 350 2207 quod
365 2124 505 2207 reparari
519 2123 642 2188 faciant
655 2124 770 2187 domus
784 2124 928 2188 manerii

308 2210 406 2274 Curia
427 2214 519 2274 tenta
541 2209 628 2293 apud
649 2210 869 2284 Ennonoslss
892 2210 944 2275 dic
966 2210 1060 2275 Jovis
1081 2231 1135 2293 px.
1151 2231 1181 2293 p.
1197 2210 1218 2274 f.
1236 2209 1266 2274 S.
1281 2208 1398 2273 Jacobi
1458 2281 1460 2294 Ι

264 2312 326 2360 an.
354 2297 445 2360 1373.
501 2296 710 2379 (lampertum
737 2302 788 2361 est
811 2317 868 2380 per
892 2298 955 2380 jur'
981 2296 1068 2381 quod
1092 2297 1186 2380 panis
1208 2295 1398 2360 benedictus

263 2383 385 2447 solebat
399 2381 469 2444 dari
490 2381 530 2446 de
545 2382 694 2447 omnibus
716 2383 838 2448 tenuris
853 2383 940 2448 villae
962 2391 995 2448 et
1010 2383 1097 2467 quod
1116 2382 1172 2446 ille
1186 2384 1244 2466 qui
1265 2382 1398 2446 haberet

262 2469 296 2552 iij
314 2473 444 2532 tenuras
459 2468 597 2533 solveret
617 2490 675 2551 pro
697 2469 806 2552 aliqua
820 2475 935 2534 tenura
956 2491 1072 2554 panem
1094 2470 1301 2533 benedictum
1322 2489 1398 2532 curn

262 2562 378 2620 turnus
401 2575 478 2620 suus
501 2555 660 2632 acciderit,
675 2561 709 2620 et
730 2556 816 2640 quod
838 2556 901 2620 ista
923 2556 1119 2622 consuetudo
1141 2555 1265 2620 solebat
1287 2555 1357 2618 dari
1378 2576 1399 2618 a

262 2647 405 2726 tempore
434 2662 499 2725 quo
525 2663 590 2706 non
614 2643 732 2706 existat
755 2643 915 2708 memoria
967 2644 1011 2708 Et
1038 2643 1223 2726 injunctum
1247 2642 1397 2706 omnibus

261 2729 448 2793 tenentibus
463 2728 550 2793 villae
564 2729 651 2812 quod
672 2729 771 2793 faciat
789 2730 828 2793 de
843 2735 948 2795 cetero
970 2731 1030 2794 sub
1044 2749 1141 2813 poena
1162 2729 1203 2792 di.
1219 2749 1340 2792 marcae
1353 2766 1398 2778 -

263 2815 456 2879 Ordinatum
478 2822 528 2880 est
550 2837 590 2880 ex
612 2815 776 2880 communi
798 2835 931 2881 assensu
953 2816 1039 2900 quod
1061 2815 1227 2880 Johannes
1250 2815 1289 2878 de
1312 2815 1397 2879 Red-

262 2902 350 2987 dyng
379 2903 466 2986 [etc]
493 2903 687 2966 conveniant
711 2922 800 2986 prox.
830 2902 882 2967 dia
912 2903 988 2967 festi
1014 2902 1072 2986 [ao]
1102 2908 1135 2966 et
1161 2903 1286 2986 jactent
1309 2902 1397 2985 quod

262 2991 369 3054 averia
383 2995 520 3072 possunt
535 2989 709 3053 sustentari
723 2989 808 3052 infra
821 2989 923 3073 camp’
939 2989 979 3054 de
994 2989 1209 3053 Edmcndbirs
1224 2993 1257 3053 et
1273 2994 1398 3071 ponent

262 3075 408 3158 quolibet
430 3075 495 3139 tan'
520 3076 561 3138 ad
586 3079 709 3140 certum
733 3095 904 3140 numerum
926 3076 974 3140 ita
997 3076 1083 3160 quod
1105 3075 1201 3138 illum
1226 3095 1398 3139 numerum

261 3161 371 3225 nullus
395 3162 528 3225 excedat
550 3167 583 3225 et
605 3167 801 3244 praesentant
824 3162 865 3226 ad
887 3163 1233 3245 pron-Injunctum
1256 3166 1307 3225 est
1329 3181 1397 3226 om·

261 3249 357 3312 nibus
369 3248 554 3311 tenentibus
566 3248 653 3312 villae
664 3247 750 3331 quod
763 3256 919 3312 evacuent
930 3249 1092 3332 quandam
1103 3248 1236 3313 herbam
1247 3253 1396 3312 vocatam

261 3333 345 3417 gold,
360 3333 498 3415 quilibet
512 3354 569 3416 pro
585 3335 733 3417 porcione
749 3355 816 3412 sua,
831 3335 912 3400 citra
926 3337 1014 3418 prcx’
1030 3336 1103 3399 cur'.

307 3507 398 3569 1373.
421 3505 466 3569 ΙΙ.
498 3505 605 3570 Heb’n
631 3505 683 3569 die
707 3507 806 3571 Lunae
830 3528 915 3590 prox.
940 3512 1014 3591 post
1042 3508 1164 3572 festum
1190 3508 1221 3572 S.
1248 3506 1394 3572 Martini.

261 3593 376 3658 Coram
402 3592 539 3656 dominis
570 3592 692 3656 Thoma
717 3593 757 3658 de
787 3594 939 3658 Herdwic
967 3599 1051 3671 bern,
1075 3593 1226 3658 Johannc
1255 3593 1295 3657 dc
1319 3595 1396 3657 Ber-

259 3687 385 3764 yngton
399 3681 493 3757 burs,
509 3687 542 3745 et
556 3679 579 3744 J
581 3680 707 3744 ohanne
722 3680 762 3744 de
777 3681 875 3745 Eluet
890 3686 923 3745 at
937 3681 1018 3744 aliis.

303 3769 545 3832 Wsnnnsnnrvn.
591 3804 604 3816 -
620 3805 634 3816 -
649 3766 672 3829 J
673 3766 719 3830 ur’
734 3767 831 3832 istius
845 3767 932 3832 villae
947 3773 980 3832 et
994 3767 1118 3831 villatas
1133 3765 1173 3831 dc
1188 3766 1396 3850 Willyngton

259 3892 273 3900 -
288 3892 357 3901 --
369 3854 559 3938 Injunctum
582 3861 631 3919 est
646 3853 796 3918 omnibus
818 3854 1005 3918 tenentibus
1023 3853 1111 3917 villae
1132 3853 1219 3936 quod
1241 3853 1396 3918 claudant

258 3960 391 4023 parcum
420 3940 832 4006 sufficienter.—Piscaria
856 3940 896 4004 de
920 3939 1131 4004 Wallashand
1159 3944 1255 4023 capta
1284 3940 1396 4003 estin

258 4046 357 4090 manu
371 4026 506 4090 Domini
528 4048 564 4092 eo
579 4029 665 4112 quod
687 4034 799 4092 tenens
823 4026 1005 4091 tabernavit
1026 4027 1117 4090 illam
1136 4025 1309 4109 piscariam
1325 4025 1396 4090 sine

257 4110 394 4175 licencia
408 4112 549 4176 Domini.

302 4197 503 4262 Hnwoavns.
547 4199 627 4262 Dies
649 4199 744 4264 datus
766 4205 816 4264 est
838 4199 968 4264 Thomas
990 4198 1122 4264 Ieward
1144 4197 1186 4262 ad
1208 4198 1267 4262 fac.
1290 4198 1396 4282 legem

258 4304 350 4347 suam
379 4284 465 4366 quod
502 4304 568 4348 non
596 4285 729 4348 cariavit
764 4286 845 4369 petr’
886 4287 973 4350 ultra
1009 4286 1113 4351 solum
1152 4285 1319 4368 Ranulphi
1355 4284 1396 4349 dc

257 4369 395 4435 Kitchin
426 4370 495 4434 sine
525 4370 660 4434 licencia
690 4371 769 4436 dicti
791 4374 828 4438 R.
844 4408 888 4419 -
903 4374 954 4438 Da
984 4373 1107 4456 Rogero
1136 4371 1289 4436 Naaman
1318 4371 1397 4454 quia

256 4457 392 4523 cariavit
419 4457 500 4540 petr'
528 4455 614 4520 ultra
643 4457 748 4523 solum
784 4460 919 4524 Domini
955 4459 1026 4524 sine
1054 4459 1192 4523 licencia
1207 4494 1219 4506 -
1236 4496 1251 4506 -
1268 4458 1339 4521 lad.
1352 4496 1395 4505 -

254 4547 306 4609 De
322 4543 445 4607 Thomu
459 4544 590 4607 Levvard
611 4565 668 4628 pro
684 4547 934 4629 transgressione
955 4547 1042 4610 facta
1063 4546 1099 4609 in
1119 4544 1203 4609 blad'
1227 4543 1396 4627 Ranulphi

256 4632 295 4694 de
318 4629 456 4693 Kitchin
471 4665 484 4678 ·
501 4667 513 4678 -
531 4629 579 4694 6d.
592 4631 697 4695 -De
718 4633 831 4695 eodem
857 4652 915 4715 pro
937 4632 1019 4696 falsa
1043 4631 1174 4715 querela
1196 4651 1256 4695 sua
1282 4650 1395 4694 versus
