3056 5222
303 537 322 596 8
574 545 732 596 maort
747 544 928 596 rmosews
943 544 1184 608 nemausis.
1345 531 1444 588 1296.

301 703 439 768 salinam
460 704 651 788 Radulphns
672 703 724 770 del
747 703 879 768 Neuton
900 709 1013 788 postea
1033 703 1120 786 cepit
1141 701 1350 776 seminatum,
1367 719 1445 762 cum

301 811 367 855 uno
389 811 472 876 equo
494 797 527 856 et
551 792 676 857 duobus
698 791 808 856 bobus.
854 791 898 854 Et
920 790 1010 854 dabit
1034 789 1075 853 ad
1098 789 1231 874 g'smam
1254 809 1286 851 v.
1313 805 1445 850 mareas

303 927 310 942 .
333 927 341 942 .
364 927 372 943 .
395 877 529 942 servicia
550 885 721 942 consueta:
747 877 900 942 solvendo
922 877 963 941 ad
986 876 1109 940 Pascha
1130 895 1223 952 anno,
1244 879 1316 950 etc,
1337 893 1446 936 nona·

301 965 423 1048 gesimo
448 966 586 1048 septimo
617 971 692 1042 20s.,
713 963 755 1028 ad
783 965 903 1028 festum
932 963 967 1028 B.
992 963 1081 1028 Petri
1106 961 1148 1026 ad
1175 960 1319 1025 Vincula
1349 980 1445 1043 prox„

302 1052 636 1221 tttttttbttt?
649 1047 1447 1202 attractationibus

302 1224 407 1288 filium
431 1225 567 1308 Agnetis
594 1231 627 1289 et
651 1225 800 1288 Emmam
825 1243 957 1287 uxorem
987 1221 1067 1306 ejus}
1080 1228 1152 1286 tota
1179 1271 1186 1286 .
1213 1271 1220 1286 .
1247 1270 1254 1285 .
1285 1221 1446 1284 omnibns

302 1310 475 1376 honorifice
496 1317 529 1376 et
546 1312 652 1375 dictus
668 1310 858 1394 Radulphus
880 1310 1024 1374 dimittet
1044 1309 1168 1372 dictum
1181 1307 1386 1390 baudagium
1409 1327 1445 1370 eo

303 1397 398 1461 modo
413 1417 477 1482 quo
492 1397 574 1462 illud
589 1397 683 1480 cepit.
716 1397 802 1482 Pleg.
818 1396 858 1461 da
872 1401 940 1460 toto
955 1395 1013 1460 fac.
1029 1401 1098 1460 tota
1108 1394 1208 1460 villat’
1223 1393 1263 1457 de
1279 1392 1445 1478 C[upnn].

302 1483 543 1548 —Willelmus
572 1483 658 1548 filius
687 1483 857 1560 Johannis,
883 1483 1040 1546 firmarius
1066 1482 1106 1546 de
1132 1481 1244 1557 leas',
1266 1481 1346 1564 quia
1376 1500 1445 1542 non

302 1567 452 1634 liberavit
466 1569 599 1634 bladum
615 1570 751 1654 oanagm
773 1569 836 1634 sibi
857 1569 1018 1653 assignato
1040 1567 1082 1632 ad
1104 1569 1280 1651 dampnum
1303 1564 1445 1631 Granar'

300 1655 436 1720 Dunlm'
451 1663 484 1720 et
497 1657 530 1721 D
554 1707 561 1722 .
584 1707 592 1722 .
615 1706 622 1722 .
645 1656 861 1721 misericordia
877 1662 921 1720 ts.

345 1744 568 1810 Brnnncaflnn.
611 1742 796 1808 Willelmus
821 1741 1076 1806 Molendinarius
1097 1741 1184 1823 cepit
1208 1739 1328 1804 toftum
1351 1739 1445 1823 qnod

301 1829 468 1895 Gilbertus
483 1831 569 1894 filius
584 1829 745 1895 Johannis
759 1828 827 1893 Tod
848 1830 964 1905 tenuit,
986 1827 1072 1892 redd.
1091 1847 1122 1910 p.
1142 1847 1169 1891 a.
1193 1831 1237 1891 3s.
1282 1826 1348 1890 Hic
1375 1847 1443 1889 non

300 1921 351 1980 ast
371 1916 613 1982 incrementum.
659 1915 753 1994 Quod
778 1915 897 1980 toftum
924 1914 1098 1979 sustinebit
1123 1917 1156 1978 et
1180 1913 1275 1977 faciet
1300 1913 1444 1977 servicia

301 2011 462 2068 consueta
472 2040 511 2050 —
525 2002 716 2080 Alexander,
730 2003 807 2086 quia
829 2000 1024 2066 contradixit
1045 1999 1224 2066 satisfacere
1244 2001 1391 2077 messori,
1407 2000 1442 2062 in

300 2088 525 2166 misericordia,
542 2088 591 2154 sd.

346 2174 657 2240 Min-Mnemeion.
702 2175 814 2239 Simon
838 2174 1021 2258 Fraunoeys
1046 2194 1105 2256 pro
1133 2177 1321 2256 contemptu
1349 2172 1442 2236 facto

302 2261 443 2324 Domino
458 2261 569 2339 Priori,
584 2261 714 2325 domino
729 2281 795 2339 suo,
810 2265 905 2337 100s.‚
917 2261 1003 2344 Pleg.
1016 2259 1152 2324 Ricardo
1169 2260 1268 2324 Fabro
1283 2265 1317 2323 et
1327 2260 1441 2322 Alano

301 2347 367 2412 filio
378 2348 475 2413 Petri.
513 2347 659 2425 Quatuor
672 2368 752 2412 acrae
762 2367 854 2412 novae
869 2349 1018 2412 frussurae
1033 2367 1112 2431 quas
1129 2347 1240 2411 Simon
1253 2347 1279 2408 F
1279 2367 1442 2429 raunoeys

300 2436 407 2499 tenuit
422 2441 523 2517 captae
545 2435 679 2498 suntin
701 2435 785 2498 man’
801 2434 933 2498 domini.
979 2434 1035 2517 [In
1056 2434 1112 2498 the
1134 2452 1221 2498 same
1241 2432 1310 2509 roll,
1332 2433 1441 2497 under

302 2521 405 2586 Kirka
431 2522 626 2606 Merington‚
648 2541 697 2585 we
722 2521 790 2584 find
815 2521 917 2598 Aliae,
941 2520 1098 2604 daughter
1120 2521 1155 2584 of
1174 2519 1304 2595 Walter,
1327 2540 1392 2584 son
1408 2521 1443 2584 of

300 2607 434 2684 Elwald,
450 2609 610 2692 receiving
624 2607 706 2672 from
721 2607 851 2684 Robert,
873 2627 933 2672 son
953 2607 989 2671 of
1009 2605 1157 2684 Richard,
1174 2611 1250 2684 35s,
1264 2605 1321 2670 her
1334 2607 1439 2689 goods

301 2693 338 2757 in
351 2693 403 2759 hia
417 2695 565 2778 keeping,
579 2694 644 2758 and
658 2695 741 2758 from
756 2693 822 2758 this
838 2694 950 2758 Simon
960 2694 1142 2776 Fraunceys
1156 2692 1229 2756 four
1242 2698 1392 2776 quarters
1408 2694 1443 2758 of

301 2780 407 2845 wheat
429 2781 465 2844 in
489 2781 541 2845 his
563 2780 724 2864 keaping.]
738 2815 780 2826 —
793 2780 958 2844 Gilbertus
983 2780 1070 2864 Papa
1099 2801 1156 2864 pro
1185 2780 1437 2863 transgressione

302 2867 388 2932 facta
402 2867 505 2932 bobus
520 2869 587 2932 suis
602 2868 638 2932 in
651 2869 745 2931 West
759 2867 859 2950 Frytb
876 2868 912 2931 in
926 2865 1150 2931 misericordia

344 2955 670 3020 Wnsr-Mnaruarou.
707 2955 866 3018 Robertus
889 2953 1041 3018 Catherer
1059 2954 1136 3036 quia
1157 2952 1293 3017 abduxit
1314 2972 1439 3037 equum

300 3060 396 3104 suum
418 3041 459 3105 da
484 3043 570 3106 folda
595 3041 711 3126 Rogeri
740 3040 793 3105 del
818 3041 922 3117 Lawe,
946 3040 1018 3104 lad.
1061 3039 1154 3104 Idem
1179 3039 1336 3104 Robartus
1358 3043 1438 3124 quia

301 3125 395 3211 fregit
406 3128 568 3210 seysinam
578 3127 713 3191 Domini
724 3126 851 3204 Peioris,
865 3126 936 3190 lad.
945 3165 989 3174 —
997 3125 1127 3189 Tostum
1138 3131 1172 3190 et
1182 3131 1265 3190 terra
1275 3126 1438 3190 Willelmi

302 3213 420 3295 Kynge
434 3218 528 3294 capta
542 3218 591 3276 est
607 3213 676 3295 [aie]
693 3213 728 3275 in
742 3213 826 3280 man'
841 3213 984 3277 Domini.
1028 3211 1213 3276 Wiilelmus
1225 3213 1343 3296 Kynge
1357 3215 1438 3296 quia

302 3317 368 3360 non
382 3297 474 3361 venit
487 3298 528 3361 ad
543 3298 732 3362 Halmot’in
753 3299 977 3375 misericordia,
990 3299 1041 3364 cd.
1052 3337 1095 3346 —
1107 3299 1248 3382 Rogerus
1263 3297 1317 3363 del
1339 3301 1436 3365 Lawe

299 3383 398 3448 habet
418 3382 587 3448 licenciam
609 3383 720 3447 arandi
741 3390 859 3449 terram
881 3385 1021 3449 Elwaldi
1041 3385 1148 3448 fratris
1171 3385 1222 3450 sui
1246 3406 1305 3469 per
1329 3406 1436 3450 unum

300 3469 574 3534 annum-Una
586 3469 698 3553 placeo
718 3477 810 3536 terrae
832 3492 904 3555 quae
918 3479 1051 3536 vocatur
1072 3472 1252 3536 Loucrokes
1274 3479 1368 3556 capta
1383 3478 1437 3538 est

299 3558 336 3620 in
357 3556 442 3620 man'
465 3557 858 3622 Domini-willelmus
881 3559 1039 3642 Sergaunt
1059 3577 1116 3640 pro
1138 3558 1260 3623 armilio
1285 3558 1435 3624 babendo

299 3643 507 3730 recuperandi
521 3643 630 3708 debita
644 3664 702 3708 sua
716 3645 806 3710 dabit
820 3645 963 3708 Domino
977 3644 1080 3708 Priori
1095 3644 1137 3707 di'
1148 3665 1270 3710 marcae.
1316 3645 1351 3728 [J
1352 3645 1435 3730 udg-

300 3739 405 3796 ments
420 3731 457 3795 in
473 3731 525 3796 hia
547 3731 660 3796 favour
681 3731 730 3794 for
751 3731 840 3815 eight
862 3731 964 3808 debts,
985 3731 1121 3814 ranging
1142 3731 1224 3795 from
1245 3738 1290 3796 3s.
1305 3737 1339 3796 to
1357 3739 1435 3808 tta,

297 3819 491 3968 ffiddpdrssy
505 3839 543 3968 ᾖ
554 3818 676 3988 vglbollgi
690 3817 726 3881 in
748 3823 873 3902 respect
887 3819 923 3882 of
941 3817 1042 3902 grain,
1056 3817 1173 3895 tollen,
1188 3839 1248 3883 ona
1266 3819 1373 3903 owing
1386 3819 1434 3903 by

452 3926 490 3968 us
544 3925 562 3968 e
596 3925 661 3970 cus.

339 3926 438 4054 Fnald.
482 3991 506 4054 J
507 3989 648 4054 ohannes
671 3989 741 4054 Stel
762 3990 847 4074 cepit
872 3991 992 4054 tostum
1013 3990 1101 4074 quod
1122 3991 1308 4056 Willelmus
1329 3993 1434 4057 Faber

294 4076 410 4152 tenuit,
419 4075 504 4140 redd.
519 4096 549 4158 p.
563 4096 589 4139 a.
603 4076 651 4139 sd.
663 4113 707 4122 -—
718 4077 832 4139 Petrus
843 4077 930 4142 filius
939 4079 962 4143 J
963 4077 1098 4141 ohannis
1109 4099 1167 4161 pro
1181 4080 1432 4162 transgressione

296 4163 381 4226 facte
401 4162 437 4224 in
459 4163 519 4224 Est
539 4156 642 4244 Fryth
656 4162 688 4245 vj
711 4161 813 4226 bobus
836 4163 903 4228 suis
917 4164 975 4227 ubi
989 4184 1055 4227 non
1077 4163 1190 4228 debuit
1203 4164 1354 4230 habuisse
1366 4166 1433 4229 nisi

295 4254 434 4334 quatuor
453 4249 560 4324 boves,
586 4247 1036 4332 Ideo—[blaok]-Andreaa
1062 4249 1103 4314 de
1128 4251 1212 4334 Fery
1240 4272 1298 4334 pro
1327 4257 1432 4316 trans-

293 4335 455 4421 gressione
465 4334 551 4398 facta
560 4333 681 4397 ibidem
692 4335 725 4418 xj
737 4335 929 4401 animalibus
940 4337 1007 4402 suis
1017 4335 1075 4402 ubi
1083 4358 1149 4402 non
1159 4338 1273 4403 debuit
1281 4337 1433 4402 habuisse

294 4423 358 4488 nisi
373 4427 510 4505 quatuor
523 4421 630 4497 boves,
644 4420 721 4486 Ideo
736 4420 862 4505 [blachi

344 4508 684 4574 Ram-Memnonos.
743 4509 864 4574 Decem
900 4530 981 4574 aarae
1017 4518 1109 4577 terrae
1139 4532 1220 4596 quas
1257 4511 1355 4596 Hugo
1390 4510 1432 4574 de
