3278 5204
227 537 319 600 1370.
496 551 1099 604 nannomrorosrrosoornmmrsrs.
1324 545 1362 604 91

223 728 310 772 nnus
324 708 465 773 botellus
480 714 530 773 cst
551 709 745 786 submersus,
760 709 821 774 snb
836 729 933 792 poena
955 714 1022 776 tos.
1036 711 1115 794 quia
1135 717 1367 796 praesentatum

223 800 274 859 est
290 816 349 878 per
365 797 428 879 jur'
449 796 538 879 quod
563 797 657 860 aliter
682 796 873 880 praedictum
895 799 984 881 yairc
1009 805 1058 862 est
1081 799 1366 865 omissum-In-

218 882 372 965 junctum
386 888 437 946 est
451 884 601 948 omnibus
616 884 802 948 tenentibus
816 883 905 947 villae
918 884 1005 968 quod
1020 885 1135 968 nequis
1150 905 1260 950 eorum
1271 888 1367 952 vend'

223 967 319 1032 blada
333 990 393 1033 sua
407 970 587 1034 crescencio
601 976 677 1034 ante
686 976 903 1052 autumpnum
918 991 978 1034 nec
987 971 1207 1055 aliquaquart’
1220 973 1366 1057 capiend‘

223 1056 264 1119 de
278 1056 362 1119 blad'
377 1077 465 1120 nunc
479 1057 574 1122 cresc'
589 1057 654 1120 nisi
667 1077 724 1140 per
738 1057 908 1121 licenciam
922 1058 1056 1135 terrarii,
1071 1060 1131 1123 sub
1146 1079 1243 1142 poena
1259 1065 1324 1124 2οε.

267 1142 464 1207 Snrrrnwrrr.
510 1145 746 1208 Praesentatum
775 1150 826 1208 est
850 1164 909 1227 per
931 1145 994 1227 jur'
1021 1145 1107 1228 quod
1131 1145 1298 1211 iohannes
1325 1145 1365 1210 dc

223 1229 370 1293 Kellawc
391 1251 527 1313 persona
549 1230 681 1314 capellae
703 1230 744 1294 de
766 1230 893 1294 Hilton'
908 1231 986 1296 fecit
1008 1252 1107 1296 unam
1121 1239 1364 1316 purpresturam

222 1315 310 1398 apud
332 1316 365 1380 le
389 1318 594 1381 Stanecrosse
618 1317 658 1383 de
681 1315 886 1400 longitudine
908 1317 989 1400 iiij¹¹
1000 1317 1120 1401 pedum
1142 1327 1176 1384 et
1189 1319 1364 1384 latitudine

218 1403 232 1485 j
250 1403 351 1486 pedis.
361 1441 405 1452 -
417 1405 608 1487 Injunotum
619 1409 670 1468 est
680 1404 831 1468 omnibus
842 1405 1029 1469 tenentibus
1044 1405 1132 1470 villae
1146 1407 1233 1490 qnod
1247 1407 1363 1491 nequis

221 1509 332 1552 eorum
346 1489 440 1554 vend’
455 1491 552 1555 blada
574 1511 634 1554 sua
655 1511 743 1555 nunc
765 1492 945 1556 crescencio
965 1512 1031 1576 pras
1047 1493 1197 1557 manibus
1219 1494 1284 1558 nisi
1305 1514 1363 1578 per

221 1575 392 1640 licenciam
405 1577 538 1654 terrarii,
553 1578 614 1641 sub
628 1597 724 1660 poena
740 1583 806 1642 20⁸.

266 1663 436 1728 Fonwncn.
479 1665 560 1728 Dies
576 1664 670 1728 datus
690 1670 740 1728 est
758 1665 821 1748 jur’
836 1663 877 1728 sd
898 1665 1131 1747 inquirendum
1152 1666 1193 1730 ad
1215 1667 1363 1750 praescnt’

221 1749 262 1812 ad
276 1751 366 1833 prox’
382 1751 410 1814 si
424 1750 532 1814 Alicia
545 1751 661 1815 relicta
682 1751 812 1814 Ricardi
833 1751 961 1816 Lauson
984 1753 1153 1816 executrir
1174 1755 1363 1818 testamenti

219 1837 367 1921 praedicti
389 1837 518 1902 Ricardi
539 1837 664 1902 detinet
678 1837 814 1901 Ricardo
829 1838 936 1902 Arnas
951 1843 984 1902 et
998 1839 1082 1922 Agn'
1097 1839 1192 1902 uxori
1207 1839 1275 1924 [aio]
1291 1841 1361 1923 ejus

220 1923 290 1986 filia
312 1924 458 2006 praedicti
482 1925 612 1988 Ricardi
634 1925 763 1988 Lauson
779 1930 819 1988 lt
836 1925 893 2008 [no
919 1925 1162 1989 denomination
1186 1926 1222 1989 of
1242 1946 1361 2008 money

221 2010 343 2093 stated]
369 2011 410 2074 dc
431 2012 581 2094 porcione
603 2031 669 2088 sua,
690 2019 724 2076 et
738 2011 840 2075 eciam
861 2032 962 2075 unam
984 2011 1083 2076 ollam
1105 2032 1236 2090 aeneam,
1258 2033 1361 2076 unum

219 2096 342 2160 lectum
356 2096 498 2180 plumale
513 2099 570 2181 ctj
588 2118 702 2173 arcam,
719 2104 753 2162 et
765 2098 893 2162 diversa
907 2097 1049 2162 flamiola
1063 2119 1104 2163 ex
1118 2099 1224 2183 legato
1239 2099 1360 2163 Matill'

219 2184 333 2246 matris
352 2184 454 2268 ipsius
468 2185 552 2268 Agn’
568 2204 641 2268 quoe
655 2185 788 2268 quidam
801 2185 869 2268 [cic]
883 2185 1007 2249 denarii
1018 2191 1052 2249 ct
1061 2186 1147 2250 bona
1161 2186 1361 2250 devenerunt

219 2270 256 2333 in
278 2291 378 2334 manu
401 2271 470 2354 [cic]
494 2271 641 2354 praedicti
662 2271 793 2335 Ricardi
818 2277 876 2336 etc.
900 2277 934 2336 et
959 2292 1032 2356 quae
1054 2272 1195 2357 dampna
1216 2280 1277 2338 etc.
1300 2274 1360 2339 sub

218 2376 316 2440 poena
332 2358 404 2421 40d.
450 2358 628 2442 [Repeated
642 2358 677 2421 in
696 2358 881 2442 13⁷0,111.]

264 2444 492 2508 Wronsrown.
548 2444 731 2508 Willclmus
761 2445 941 2528 Maymond
969 2446 1062 2510 venit
1089 2445 1145 2510 hic
1173 2445 1210 2509 in
1235 2447 1300 2511 cur’
1327 2452 1361 2511 et

219 2530 307 2616 cepit
320 2551 424 2594 unum
438 2531 557 2595 toftum
573 2539 607 2595 ct
621 2532 667 2614 xij
684 2551 772 2596 acras
795 2538 888 2596 terrac
903 2551 976 2615 quae
996 2533 1067 2616 ipse
1089 2539 1123 2596 et
1141 2531 1249 2597 Adam
1264 2533 1359 2597 Dict-

219 2637 280 2680 son
305 2619 396 2700 prius
419 2623 595 2682 tenuerunt
623 2619 665 2681 ad
693 2618 914 2682 voluntatem:
943 2618 1081 2682 habend'
1106 2624 1139 2682 et
1163 2620 1291 2684 tenend'
1317 2620 1360 2684 ad

218 2709 309 2767 term.
331 2704 409 2768 vitae
431 2724 517 2768 suae:
542 2703 629 2769 redd.
652 2725 682 2788 p.
707 2725 733 2769 a.
760 2710 824 2768 lis.
847 2725 919 2788 quae
941 2705 1031 2789 prius
1053 2705 1195 2770 reddidit
1219 2711 1303 2770 los:
1325 2711 1359 2770 et

218 2789 366 2855 faciendo
388 2791 528 2855 Domino
551 2797 585 2856 et
607 2792 724 2855 vicinis
746 2811 818 2874 quea
840 2792 1044 2856 incumbunt.
1088 2791 1174 2875 Pleg.
1191 2829 1204 2840 -
1220 2829 1233 2840 -
1248 2792 1292 2854 Et
1302 2792 1360 2856 dat

217 2897 278 2958 pro
307 2878 449 2960 gres'm'a
478 2878 550 2942 rod.
602 2879 844 2942 lucrementum
872 2877 1026 2954 redditus,
1058 2879 1359 2961 2s.-Injunctum

218 2970 268 3026 est
280 2964 343 3046 jur'
357 2964 445 3047 quod
459 2965 591 3028 videant
605 2984 706 3028 unam
720 2965 886 3049 grangiam
908 2965 1052 3046 ejusdcm
1074 2965 1149 3027 tofti
1164 2984 1236 3048 qnae
1257 2967 1358 3029 estin

218 3049 464 3115 Puttucornend
489 3057 522 3116 et
547 3052 693 3134 praesent'
717 3052 759 3115 ad
783 3052 873 3135 prox'
895 3071 953 3135 per
974 3050 1061 3134 quod
1082 3057 1190 3133 potest
1210 3052 1358 3133 reparari.

217 3137 262 3200 Et
276 3138 378 3201 eciam
392 3137 577 3221 injunctum
588 3143 639 3202 est
649 3137 815 3202 Willelmo
827 3136 1008 3221 Maymond
1017 3143 1050 3202 ct
1061 3137 1168 3200 Adam
1181 3138 1249 3221 [cic]
1262 3138 1358 3204 Dict-

219 3243 278 3286 son
300 3224 388 3307 quod
408 3224 548 3307 reparari
568 3224 627 3288 foc’
650 3225 838 3308 praedictam
860 3224 1287 3308 grangiam—Injunctum
1309 3230 1358 3290 est

219 3309 357 3375 Ricardo
383 3311 423 3375 de
449 3310 616 3375 Hertiawe
646 3315 679 3376 et
704 3311 869 3375 Willelmo
900 3311 1080 3394 Maymond
1109 3311 1150 3375 ad
1179 3312 1298 3395 inquir'
1325 3319 1358 3376 et

215 3397 366 3480 praesent’
380 3397 423 3460 ad
436 3399 527 3480 prox'
542 3418 616 3481 quae
630 3397 736 3480 damp’
752 3397 909 3462 Odncllns
925 3397 1080 3462 Tailliour
1093 3398 1209 3462 habuit
1222 3399 1259 3462 in
1273 3404 1358 3464 terra

217 3503 277 3547 sua
291 3504 350 3568 per
364 3485 387 3548 J
388 3484 548 3548 ohannem
563 3484 674 3548 Waies
689 3484 845 3548 Thomam
860 3483 1038 3567 Sohcphird
1057 3486 1097 3550 de
1115 3506 1152 3549 eo
1167 3486 1255 3568 quod
1269 3486 1304 3548 in
1319 3507 1357 3550 ea

215 3570 369 3633 foderunt
384 3578 417 3634 ct
431 3571 583 3635 carbones
605 3575 912 3655 asportaverunt—
924 3571 1114 3654 Injunctum
1136 3577 1185 3636 est
1207 3573 1357 3636 omnibus

215 3657 407 3722 tenentibus
429 3657 518 3722 villae
547 3657 635 3740 quod
664 3657 781 3740 nequis
810 3677 921 3722 eorum
944 3659 1038 3722 vend’
1063 3658 1159 3723 blada
1188 3678 1246 3721 sua
1269 3678 1357 3722 nunc

215 3744 397 3808 crescencio
411 3744 481 3808 sine
495 3743 631 3808 licencia
644 3743 779 3821 terrarii,
794 3744 855 3808 sub
872 3764 968 3827 poena
980 3743 1052 3808 40d.

261 3831 415 3895 HARror.
460 3831 652 3914 Injunctum
680 3837 731 3895 est
760 3831 910 3894 omnibus
939 3829 1127 3894 tenentibus
1152 3828 1239 3892 villae
1269 3830 1357 3912 quod

216 3917 335 3999 nequis
361 3937 473 3980 corum
496 3917 590 3981 vend'
616 3915 713 3981 blada
736 3937 795 3982 sua
818 3937 905 3982 nunc
929 3916 1107 3994 crescencio
1129 3915 1199 3979 sine
1220 3916 1357 3982 licencia

216 4003 354 4079 terrarii,
370 4003 430 4067 sub
444 4023 541 4086 poena
557 4003 628 4067 40d
640 4005 744 4068 —Dc
767 4003 876 4067 Alicia
900 4003 1015 4068 relicta
1036 4002 1166 4067 Ricardi
1188 4003 1278 4089 Gray
1298 4025 1356 4088 pro

214 4090 397 4154 morcheto:
420 4091 507 4174 Pleg'
530 4089 668 4154 Thomas
691 4091 793 4174 Page:
818 4091 1119 4174 ts-Injunctum
1141 4096 1191 4154 est
1212 4091 1293 4155 Adae
1315 4091 1356 4155 de

214 4175 350 4240 Neuton
379 4176 465 4259 quod
494 4177 650 4259 reportari
678 4178 737 4241 fac’
762 4197 867 4240 unum
895 4175 1019 4259 almory
1048 4177 1089 4240 ad
1119 4175 1250 4241 domum
1275 4178 1356 4241 Adae

215 4262 357 4326 Diotson
372 4264 454 4326 citra
468 4264 558 4346 prox’
573 4264 645 4327 cur'.
658 4301 701 4310 -
711 4263 903 4348 Injunctum
924 4269 974 4327 est
997 4264 1146 4328 omnibus
1168 4263 1356 4328 tenentibus

213 4349 305 4413 villae
328 4350 415 4434 quod
437 4370 502 4413 non
524 4350 585 4414 fac'
607 4350 695 4414 viam
715 4371 819 4435 usquc
844 4350 891 4415 les
917 4349 1047 4416 Schelcs
1073 4370 1131 4435 per
1156 4351 1300 4414 medium
1324 4349 1356 4413 le

214 4435 389 4520 (ionyngar
403 4457 463 4501 nec
478 4437 590 4501 adduc'
606 4458 701 4502 canes
716 4457 790 4502 suos
805 4438 934 4502 ibidem.

259 4523 396 4588 SHELns.
457 4524 649 4607 Injunctum
679 4530 729 4588 est
758 4525 908 4589 omnibus
938 4524 1125 4589 tenentibus
1154 4522 1241 4586 villae
1269 4520 1356 4603 quod
