3224 5212
163 579 257 638 1380.
428 588 1040 639 11111111111111111111111111.
1243 570 1300 634 167

206 749 356 814 Bomos.
412 749 464 813 De
497 748 587 812 Will.
623 749 811 832 Hapsamen
841 747 922 831 (and
959 747 1040 810 11111
1084 746 1196 830 othere)
1225 744 1303 828 quia

162 836 339 900 noluerunt
353 835 459 900 dicere
470 835 679 913 veredictum,
690 836 776 899 inter
786 834 942 898 Thomam
957 834 1068 898 Sisson
1080 841 1113 899 11
1124 835 1191 898 Ric.
1205 832 1302 896 Rau]-

161 944 230 998 son,
247 923 288 986 de
303 922 448 1005 quolibet
463 942 572 986 eorum
589 922 633 1005 xij
644 923 674 986 d.

206 1011 364 1073 1111111111.
382 1007 525 1095 [Β11111].
570 1009 708 1073 Thomas
721 1009 831 1074 Penek
847 1007 898 1091 cj
916 1014 979 1071 ten.
991 1007 1026 1070 in
1038 1007 1144 1071 Ballio
1155 1005 1302 1070 Australi

163 1097 318 1160 Dunelm.
334 1096 392 1161 ult.
408 1098 442 1161 in
458 1104 522 1160 ten.
535 1097 602 1160 Ric.
619 1096 672 1160 del
688 1096 793 1179 Kyln3
814 1096 887 1159 hab.
904 1095 945 1158 ad
959 1101 1050 1159 term.
1065 1093 1122 1177 viij
1140 1114 1199 1169 an,
1213 1092 1300 1156 redd.

163 1205 193 1268 p.
218 1205 245 1248 a.
269 1203 324 1246 vs.
354 1221 365 1231 -
401 1222 413 1232 -
448 1185 493 1247 Et
521 1183 672 1248 dominus
701 1183 796 1268 praed.
824 1189 889 1246 ten.
912 1182 1110 1247 sufficienter
1131 1179 1302 1254 edificabit,

163 1271 335 1355 reparabit,
350 1276 383 1334 et
400 1271 633 1347 manutenebit,
648 1275 765 1355 sumpt.
782 1271 865 1334 dom.

209 1449 304 1508 1381.
331 1442 502 1528 I.-Apud
531 1445 729 1528 Meryngton
755 1445 807 1509 die
838 1447 937 1509 Lunae
966 1465 1056 1528 prox.
1082 1449 1155 1526 post
1184 1440 1303 1505 festum

164 1532 357 1595 Natiuitatis
385 1533 414 1597 S.
438 1535 460 1598 J
462 1532 512 1595 oh.
535 1532 638 1616 Bapt,
663 1553 769 1596 coram
795 1532 935 1596 dominis
961 1531 1083 1595 Thoma
1108 1531 1148 1594 de
1171 1527 1303 1610 Corbrig

164 1620 320 1696 burserio,
334 1619 456 1683 Thema
471 1619 511 1683 de
526 1619 674 1696 Claxton,
689 1621 711 1683 J
713 1619 762 1683 oh.
778 1619 818 1683 de
833 1620 930 1684 Elvet
944 1624 977 1682 et
992 1617 1073 1682 aliis.

207 1706 355 1771 Essem.
402 1706 597 1770 Ordinatum
613 1713 662 1771 est
677 1727 718 1770 ex
733 1707 897 1770 communi
909 1726 1050 1780 assensu,
1063 1702 1147 1786 quod
1164 1701 1303 1786 quilibet

164 1800 228 1856 ten.
246 1793 410 1857 custodiat
429 1795 536 1856 averia
551 1814 609 1857 sua
631 1813 706 1858 cum
720 1799 835 1858 tumus
852 1814 930 1858 suus
945 1791 1105 1866 acciderit,
1121 1795 1154 1853 et
1167 1809 1225 1872 pro
1245 1787 1302 1851 illo

163 1880 216 1944 die
232 1881 268 1943 in
284 1901 348 1963 quo
364 1881 542 1944 custodiam
562 1880 682 1956 fecerit,
697 1881 888 1964 respondeat
903 1887 935 1945 et
949 1877 1127 1943 satisfaciat
1140 1875 1182 1940 de
1196 1875 1301 1957 damp.

164 1968 259 2031 factis
276 1969 310 2030 in
327 1967 409 2031 blad.
426 1974 459 2031 et
474 1967 561 2031 herb.
577 1967 627 2030 illi
642 1967 695 2030 vel
716 1967 783 2032 illis
805 1969 863 2051 qui
885 1967 1026 2049 dampna
1046 1963 1227 2037 habuerint,
1242 1961 1302 2024 sub

163 2075 262 2136 poena
278 2054 311 2117 xl
322 2055 361 2130 d.,
377 2053 519 2118 solvend.
535 2054 780 2118 etc-Thomas
802 2054 922 2118 Bullok
944 2051 1054 2136 cepitj
1071 2049 1181 2114 dimid.
1207 2048 1303 2112 bond.

165 2142 223 2205 ult.
246 2143 283 2204 in
304 2149 368 2206 ten.
392 2141 522 2204 Thomae
544 2142 660 2225 Byng3
681 2141 817 2205 habend.
841 2143 881 2205 ad
908 2147 999 2204 term.
1022 2141 1099 2202 vitae
1125 2157 1200 2211 suae,
1214 2135 1302 2198 redd.

163 2250 194 2311 p.
207 2249 258 2292 an.
272 2249 352 2292 scae.
365 2250 387 2290 x
397 2249 420 2292 s.
433 2235 466 2291 et
481 2233 600 2312 argent.
612 2229 695 2292 Tem.
713 2266 725 2276 -
741 2265 754 2277 ·
770 2234 803 2291 et
813 2229 911 2310 praed.
922 2227 1060 2290 Thomas
1076 2224 1196 2288 Bullok
1207 2221 1304 2286 habet

164 2314 215 2379 lio.
228 2315 422 2378 tabernandi
437 2315 640 2378 medietatem
652 2335 744 2379 mess.
757 2317 853 2398 praed.
867 2316 961 2379 hond.
973 2314 1032 2377 uni
1044 2310 1218 2376 sufficienti
1229 2315 1303 2384 teu,

166 2409 199 2466 et
216 2403 251 2464 in
274 2402 420 2486 quolibet
435 2423 547 2485 campo
560 2402 573 2484 j
591 2423 617 2465 a.
633 2408 700 2479 ter,
714 2403 762 2465 ita
777 2403 863 2486 quod
881 2403 977 2486 praed.
992 2407 1108 2464 tenens
1122 2399 1247 2462 laborat
1262 2396 1304 2460 ad

164 2493 347 2553 manerium
362 2490 401 2554 de
417 2489 611 2573 Meryngton
625 2489 665 2552 ad
677 2490 962 2572 praemunioionem
974 2487 1144 2552 servientis
1159 2484 1236 2548 ibid.
1246 2503 1304 2566 pro

166 2576 284 2640 salario
296 2577 500 2658 competenti.
526 2577 569 2639 Et
579 2577 675 2659 praed.
686 2577 796 2643 Thom.
809 2577 904 2659 praed.
917 2575 1026 2639 dimid.
1038 2573 1132 2639 bond.
1143 2573 1179 2635 in
1190 2570 1306 2636 suffici-

166 2665 234 2726 enti
257 2673 291 2727 et
311 2664 395 2727 bono
412 2669 500 2726 statu
518 2663 662 2728 dimittet
684 2663 719 2727 in
742 2664 806 2727 fine
821 2671 912 2727 term.
929 2664 987 2726 sui.
1033 2661 1077 2724 Et
1091 2660 1192 2724 eciam
1207 2657 1305 2740 praed.

166 2751 278 2813 Thom.
291 2756 325 2813 at
340 2751 362 2814 J
364 2751 415 2815 oh.
429 2749 537 2813 Smith
552 2750 592 2814 de
607 2751 882 2835 Midmeryngton,
893 2751 951 2834 qui
963 2749 1059 2813 habet
1070 2747 1167 2810 aliam
1179 2750 1305 2828 partem

166 2837 247 2900 dicti
262 2838 391 2900 dimidii
412 2836 517 2912 hond,
533 2845 688 2920 ceperunt
712 2838 747 2920 iij
772 2839 868 2901 hoves
890 2838 926 2900 in
948 2836 1045 2900 stuffo
1068 2853 1151 2916 pree.
1167 2831 1260 2913 xxiiij
1272 2851 1305 2906 s,

167 2925 310 2989 solvend.
327 2924 368 2987 ad
383 2925 585 2988 voluntatem
600 2924 683 2990 dom.
700 2946 801 3008 quum
816 2923 981 3008 placuerit.
1027 2919 1179 2992 Gres'ma,
1194 2919 1226 3001 vj
1240 2938 1263 2981 s.

210 3013 333 3075 1111111.
369 3011 563 3074 Ordinatum
573 3019 622 3075 est
633 3032 674 3075 ex
685 3012 849 3075 communi
861 3030 1002 3086 assensu,
1013 3006 1099 3092 quod
1109 3004 1220 3069 nullus
1234 3024 1304 3087 per·

167 3099 303 3162 mittant
313 3097 444 3173 vitulos,
455 3097 614 3180 pullanos,
625 3119 685 3162 nec
700 3099 810 3182 aliqua
825 3098 931 3162 averia
946 3116 1004 3160 sua
1019 3092 1205 3158 conculcare
1220 3091 1304 3154 blad.

167 3186 228 3248 sub
243 3206 340 3268 poena
356 3184 390 3247 xl
400 3185 449 3263 d.;
471 3185 557 3267 quod
573 3185 683 3248 nullus
699 3207 810 3249 eorum
825 3185 992 3248 succidant
1013 3183 1061 3246 les
1082 3179 1195 3245 halkes
1218 3185 1304 3242 ante·

167 3293 264 3355 quam
275 3272 358 3335 blad.
369 3278 532 3335 metentur
542 3279 575 3335 et
585 3272 749 3335 intrantur
759 3272 837 3356 [sic],
850 3273 911 3336 suh
921 3291 1017 3354 poena
1028 3271 1051 3352 ij
1064 3289 1079 3332 1
1091 3267 1169 3352 [nisi
1178 3265 1236 3349 qui
1246 3285 1305 3328 sua

167 3360 296 3442 propria
319 3359 417 3422 fuerit
439 3357 623 3445 intertincti]
640 3359 782 3423 solvend.
799 3370 877 3438 etc.;
898 3379 959 3422 nec
982 3357 1067 3441 quod
1083 3374 1171 3420 auoae
1188 3358 1306 3418 exeant

167 3446 291 3522 villam,
307 3446 376 3509 sine
392 3452 471 3510 cust.
488 3445 706 3529 [conculcand.
724 3446 806 3509 blad.
823 3445 1005 3528 interlined]
1021 3443 1081 3507 sub
1096 3461 1193 3525 poena
1207 3440 1253 3522 xij
1267 3438 1305 3514 d.,

168 3534 311 3597 solvend.
327 3533 450 3597 tociens
465 3533 618 3615 quociens
633 3534 856 3612 invenientur;
870 3553 930 3597 nec
945 3531 1032 3615 quod
1047 3528 1158 3594 nullus
1172 3526 1304 3611 permit-

167 3627 240 3684 tant
262 3641 309 3702 eq.
326 3641 385 3682 nec
408 3619 517 3702 aliqua
539 3620 646 3684 averia
668 3640 726 3684 sua
748 3620 868 3683 intrare
891 3638 1051 3701 campum,
1066 3637 1086 3680 1
1100 3615 1305 3694 Fischcrgate

167 3728 271 3790 usque
292 3706 323 3769 le
346 3707 532 3784 Northmor,
546 3712 620 3790 post
641 3715 867 3790 autumpnum,
881 3706 946 3770 nisi
960 3705 1067 3769 averia
1082 3701 1221 3767 111111111
1235 3698 1305 3782 [sic]

168 3815 272 3876 usque
288 3794 359 3857 fest.
376 3793 530 3857 Omnium
547 3795 746 3870 Sanctorum,
761 3795 822 3858 sub
837 3813 932 3876 poena
947 3791 982 3854 xl
992 3792 1020 3854 d.

211 3882 444 3944 BILLYNGHAM.
490 3880 684 3945 Ordinatum
706 3887 756 3944 est
779 3901 819 3944 ex
843 3900 921 3944 com.
937 3897 1078 3952 assensu,
1093 3873 1179 3957 quod
1195 3891 1306 3935 omnes

167 3973 231 4032 ten.
256 3966 343 4030 villae
365 3972 498 4030 teneant
518 3966 682 4031 hirsillum
704 4004 717 4015 -
739 4004 755 4014 -
777 3975 810 4031 et
832 3967 933 4031 eciam
955 3963 1040 4048 quod
1063 3961 1173 4026 nullus
1196 3979 1307 4022 eorum

169 4055 373 4138 inhospitent
396 4055 479 4137 Agn.
502 4054 625 4131 Scuter,
640 4075 699 4118 nec
725 4075 797 4118 eam
819 4058 981 4118 sustentat
1004 4049 1076 4137 [sic]
1100 4049 1136 4112 in
1159 4047 1251 4110 victu
1273 4051 1306 4108 et

169 4142 300 4217 vestitu,
317 4141 377 4204 sub
392 4161 488 4224 poena
503 4141 539 4203 xl
553 4161 587 4219 s.,
610 4141 751 4206 solvend.
775 4141 930 4206 eta-De
951 4139 975 4203 J
977 4138 1025 4202 oh.
1041 4137 1207 4219 Miiyman
1230 4132 1306 4216 quia

169 4227 385 4312 inhospitavit
399 4228 482 4310 Agn.
504 4227 619 4292 Souter
641 4233 752 4292 contra
774 4227 893 4292 defens.
911 4226 995 4290 dom.
1011 4223 1141 4300 Peioris,
1155 4222 1195 4285 de
1210 4239 1307 4304 poena

169 4317 205 4379 xl
217 4314 376 4380 s.-Will.
389 4315 442 4378 del
454 4315 534 4378 Raw
549 4322 582 4379 et
592 4315 682 4379 Will.
693 4314 816 4378 Postell
827 4319 982 4398 ceperunt
993 4310 1082 4394 xxvij
1094 4331 1138 4374 ac.
1154 4316 1222 4386 ten,
1234 4307 1248 4390 j
1262 4327 1306 4369 ac.

168 4403 204 4486 iij
216 4402 281 4468 rod.
298 4409 331 4466 11
346 4402 387 4465 di.
403 4402 489 4485 prati
512 4402 551 4465 dc
567 4402 736 4466 dominicis
750 4401 809 4466 ult.
825 4402 860 4464 in
876 4408 939 4466 ten.
951 4400 1030 4464 Rob.
1047 4399 1182 4481 Hoppen
1203 4431 1216 4443 -
1238 4430 1253 4440 -
1276 4399 1309 4455 11

169 4490 272 4554 eciam
291 4511 315 4552 c.
339 4489 387 4571 iiij
411 4509 457 4553 ac.
480 4489 515 4551 in
538 4489 694 4565 Mersflat,
710 4489 798 4553 redd.
820 4509 877 4572 pro
900 4507 973 4551 acra
994 4486 1072 4568 xijd
1096 4482 1195 4567 [quod
1217 4479 1309 4564 prius

168 4576 255 4640 redd.
272 4597 316 4639 xv
331 4575 353 4638 d
368 4575 551 4662 intertincti]
574 4584 607 4639 11
628 4575 730 4640 eciam
753 4596 778 4641 c.
793 4576 815 4659 ij
841 4595 886 4640 ac.
901 4575 937 4638 in
953 4572 1112 4648 Bondflat,
1127 4576 1159 4634 et
1174 4569 1195 4649 ij
1213 4587 1257 4630 ao.
1274 4565 1310 4628 in

169 4663 365 4740 Borneslaw‚
380 4663 466 4726 redd.
483 4683 541 4746 pro
557 4683 582 4726 1.
601 4685 622 4726 x
634 4663 664 4727 d.
687 4701 700 4712 ·
723 4699 736 4712 ·
