3224 5212
169 565 264 627 1383.
437 577 593 627 HALMOTA
608 577 791 628 perosinus
806 577 1049 628 DUNELMENSIS.
1254 567 1312 626 181

165 734 290 818 absque
304 733 355 798 lio.
368 734 451 800 dom.
468 737 596 812 Prioria,
607 737 691 802 burs.
708 737 761 802 vel
776 759 851 814 sen,
867 738 928 801 sub
943 759 1048 821 poena,
1060 737 1215 821 emptoris
1232 757 1310 803 xrs.

166 829 201 886 et
214 821 393 886 venditoris
404 823 478 905 jura
493 823 562 908 [aio]
578 825 740 906 capo-ionis
755 845 829 889 suae.

212 909 349 974 Sarma.
393 909 552 975 Katerina
575 911 628 976 del
655 912 758 996 Stayn
780 933 806 977 o.
829 913 842 994 j
866 918 931 976 tan.
955 910 996 975 de
1022 931 1106 974 novo
1128 911 1215 995 quod
1242 910 1309 975 Rio.

168 996 292 1060 Barker
306 996 414 1061 tenuit
436 998 476 1061 da
498 997 595 1080 praed.
610 997 778 1074 Katerina‚
793 1005 826 1062 et
848 998 959 1064 saisita
977 997 1041 1062 fuit
1059 997 1095 1060 in
1110 1019 1209 1061 manu
1224 996 1308 1061 dom.

167 1103 206 1147 eo
236 1084 324 1167 quod
353 1085 546 1160 tabernavit,
572 1085 642 1150 sine
671 1085 723 1150 lio.
754 1086 849 1153 dom..
871 1085 967 1168 praed.
991 1085 1079 1165 Rio.;
1107 1084 1244 1149 haband
1268 1085 1309 1148 ad

168 1177 262 1234 term.
282 1171 359 1234 vitae
381 1191 467 1250 suae;
496 1172 575 1236 redd
597 1191 627 1254 p.
646 1192 673 1236 a.
693 1173 737 1256 xij
755 1173 784 1236 d.
800 1209 815 1220 ·
831 1183 893 1237 -et
915 1171 1009 1256 praed.
1029 1171 1189 1236 Katerina
1212 1171 1310 1236 habet

167 1256 222 1320 lio.
245 1257 435 1321 tabernandi
457 1258 573 1323 Alioiae
597 1259 719 1324 Barker
740 1260 782 1324 ad
804 1259 1007 1324 voluntatem
1029 1258 1125 1342 praed.
1143 1258 1309 1322 Katerinae

168 1344 306 1407 durante
321 1345 389 1408 vita
404 1365 469 1409 sua
516 1346 659 1410 Gres’ma
674 1369 719 1410 xx
729 1367 752 1412 s,

212 1430 437 1498 Plr'rrusnou.
482 1432 590 1496 Adam
605 1433 681 1498 Gell
695 1455 721 1498 o.
737 1433 875 1497 molend.
891 1433 1077 1517 aquaticum
1100 1433 1140 1496 de
1161 1432 1310 1516 Pittyng·

168 1524 227 1580 ton
241 1553 256 1568 ·
272 1553 285 1567 ·
300 1518 342 1582 ad
363 1525 454 1584 term.
470 1520 502 1602 vj
519 1541 569 1584 an.
584 1557 599 1567 -
615 1557 628 1570 ·
642 1520 729 1586 redd
752 1540 810 1604 pro
832 1520 945 1603 primis
967 1520 1001 1603 iij
1026 1540 1075 1583 an.
1091 1519 1238 1603 quolibet
1259 1539 1309 1583 an.

168 1605 214 1687 lvj
225 1626 248 1668 s.
262 1610 295 1668 et
307 1612 418 1688 postea
430 1607 575 1689 quolibet
590 1607 781 1671 annolxs.-
794 1612 852 1671 -at
866 1608 950 1671 dom.
961 1607 1053 1670 Prior
1062 1606 1158 1691 praed.
1171 1605 1308 1670 molend.

168 1691 366 1756 sufficienter
380 1694 540 1777 reparabit
561 1700 596 1758 et
610 1695 805 1758 sustentabit
820 1695 943 1758 tociens
958 1694 1111 1776 quociens
1126 1692 1310 1776 indiguerit.

168 1779 212 1841 Et
234 1778 264 1842 si
285 1779 452 1864 contingat
467 1780 553 1863 quod
575 1782 671 1865 praed.
692 1780 829 1845 molend.
846 1780 1059 1844 deterioratur
1080 1780 1121 1843 ob
1136 1780 1308 1843 deffectum

168 1865 324 1966 eustodiae
346 1866 442 1949 praed.
460 1867 578 1944 Adam,
592 1867 778 1932 emendabit
798 1874 832 1932 et
853 1867 1016 1952 reparabit
1038 1867 1221 1950 sumptibus
1243 1867 1311 1930 suis

166 1973 313 2036 proprus.

212 2040 460 2104 Ravnusnnrrr.
506 2041 585 2104 Rob.
611 2041 809 2117 Waterman‚
832 2041 906 2104 Joh.
937 2039 1118 2115 Porterson‚
1142 2038 1230 2102 Will.
1258 2038 1311 2103 del

168 2125 258 2202 Hall,
284 2127 358 2192 Joh.
381 2128 435 2192 del
461 2128 542 2191 Hail
571 2128 612 2193 da
635 2128 791 2212 Shenolyi
817 2135 973 2211 oeperunt
996 2126 1198 2191 Ravensflatt
1212 2162 1226 2174 -
1241 2163 1255 2175 -
1270 2126 1312 2189 ad

167 2220 260 2276 term.
275 2213 311 2276 ix
327 2235 376 2277 an
393 2252 406 2264 -
422 2251 435 2263 -
450 2215 538 2278 redd.
554 2213 600 2278 ls.
612 2237 620 2294 ;
634 2222 667 2279 et
689 2216 784 2298 praed.
795 2222 852 2280 ter.
869 2214 1028 2278 fimabunt
1044 2214 1123 2277 etin
1138 2212 1312 2277 sufficienti

168 2300 298 2364 cultura
320 2302 488 2377 tenebunt,
503 2308 537 2365 et
558 2301 595 2364 in
616 2302 680 2366 fine
702 2308 794 2366 term.
813 2302 910 2385 praed.
932 2302 968 2364 in
990 2300 1164 2365 sufficienti
1186 2301 1313 2365 cultura

168 2388 346 2463 dimittent,
364 2396 397 2452 et
419 2389 449 2452 si
470 2389 638 2452 dimittent
652 2389 796 2472 aliquam
811 2397 937 2473 partem
952 2388 1059 2464 alicui,
1074 2388 1145 2452 sine
1160 2387 1211 2451 lio.
1228 2388 1311 2452 dom.

169 2475 298 2549 Prioris,
314 2475 399 2558 quod
415 2495 456 2539 ex
471 2483 551 2539 tuno
566 2475 703 2558 perdent
714 2477 769 2559 jus
785 2496 903 2540 eorum.

213 2562 311 2625 Curia
333 2569 424 2626 tenta
439 2563 525 2645 apud
541 2562 664 2626 Dalton
680 2563 733 2627 die
747 2563 885 2628 Veneris
900 2583 989 2647 prox.
1005 2567 1081 2626 ante
1104 2562 1175 2625 fest.
1191 2563 1313 2625 Assen-

167 2648 270 2712 oionis
288 2649 424 2712 Domini
437 2665 501 2712 11).
521 2655 614 2714 1384.

212 2735 406 2818 Injunotum
432 2743 483 2800 est
513 2757 598 2801 omn.
626 2743 691 2802 ten.
712 2736 811 2813 villa,
826 2736 913 2819 quod
938 2735 1050 2799 nullus
1073 2755 1184 2799 eorum
1209 2739 1312 2797 trans-

167 2822 316 2906 grediant
331 2823 426 2887 alteri
447 2825 483 2886 in
498 2824 605 2888 verbis
620 2824 674 2887 vel
697 2824 792 2888 factis
815 2844 889 2887 oum
912 2822 1035 2886 baculis
1058 2842 1095 2885 ao
1118 2820 1244 2904 sagittis
1260 2820 1313 2884 vel

167 2908 320 2984 cultellis,
335 2910 396 2973 sub
411 2929 509 2993 poena
526 2910 561 2973 xl
571 2929 596 2976 s.
613 2909 756 2974 solvend.
772 2917 830 2975 eto.
843 2933 851 2990 ;
865 2931 924 2974 neo
939 2910 1026 2993 quod
1041 2908 1151 2972 nullus
1172 2906 1314 2971 habeant

167 2995 203 3058 in
218 2995 359 3079 eeparali
373 3009 507 3079 pastura
522 2997 586 3060 nisi
599 2998 612 3079 j
629 2997 750 3060 animal
765 3018 823 3081 pro
834 2998 867 3080 vj
884 3018 928 3062 ao.
941 3005 1009 3072 ten,
1020 3003 1117 3078 prout
1128 2993 1311 3057 ordinatum

167 3088 272 3147 estex
291 3104 370 3146 com.
386 3103 505 3147 essens.
521 3085 666 3147 omnium
682 3084 872 3162 vicinorum,
889 3085 949 3148 sub
971 3104 1067 3167 poena
1082 3081 1227 3165 qualibet
1242 3080 1312 3145 vioe

167 3170 199 3252 vj
211 3170 241 3234 d.
257 3170 401 3234 solvend.
417 3170 717 3235 eta—Ordinatum
739 3177 788 3235 est
803 3191 844 3235 ex
859 3193 938 3235 eom.
955 3191 1057 3235 ossen.
1072 3169 1159 3253 quod
1174 3167 1313 3251 quilibet

167 3277 278 3321 eorum
304 3263 438 3321 teneant
461 3258 566 3334 i’reth„
589 3263 621 3322 et
640 3258 727 3341 quod
750 3279 817 3322 non
842 3263 966 3342 ponant
992 3277 1090 3341 equos
1116 3275 1176 3319 neo
1203 3254 1312 3338 aliqua

167 3344 276 3408 averia
291 3363 358 3421 sua,
373 3344 410 3407 in
424 3344 517 3408 irath.
533 3344 648 3428 positis
663 3365 721 3429 per
735 3346 868 3422 vicinos,
884 3345 945 3410 sub
968 3364 1063 3429 poena
1077 3343 1109 3426 vj
1122 3342 1151 3408 d.
1169 3340 1310 3408 solvend.

166 3437 226 3496 eto.

213 3610 306 3668 1384.
332 3604 504 3688 I.—Apud
536 3642 553 3654 -
586 3642 600 3654 -
633 3611 710 3670 ante
741 3607 862 3670 festum
892 3605 1006 3672 Nativ.
1034 3605 1065 3670 S.
1092 3604 1178 3680 Joh„
1204 3626 1311 3670 eoram

166 3692 290 3756 Thomu
315 3691 457 3775 Oorbrig,
471 3692 566 3768 burs,
581 3692 703 3756 Thoma
728 3694 768 3757 de
792 3693 941 3768 (darton,
957 3713 1031 3768 sen„
1046 3698 1079 3755 et
1103 3692 1184 3755 aliis.
1232 3690 1312 3778 [1111

158 3780 236 3862 first
245 3779 373 3861 portion
388 3780 425 3862 os
448 3780 511 3842 ibis
525 3780 586 3842 roll
600 3781 628 3842 is
643 3779 754 3844 almost
768 3780 901 3862 illepible
907 3781 998 3863 from
1014 3780 1115 3860 deoay.
1163 3780 1226 3842 1111
1233 3781 1312 3862 first

165 3867 224 3929 1111
238 3867 416 3930 mentioned
429 3866 459 3928 is
480 3866 699 3950 1111111111]

211 3953 392 4017 SUTHWYK.
434 3953 599 4016 Walterus
615 3953 721 4017 Smith
733 3975 763 4018 v.
778 3954 814 4017 in
829 3954 917 4018 ouria
932 3958 965 4018 et
976 3973 1001 4016 o.
1014 3953 1028 4035 j
1044 3950 1130 4016 bond
1146 3957 1179 4016 et
1189 3952 1312 4029 dimid„

167 4059 240 4121 quae
255 4039 320 4102 fuit
334 4040 370 4102 in
384 4046 501 4104 tenura
516 4040 646 4104 Thomae
662 4041 704 4105 fil.
720 4042 828 4117 Alam,
841 4047 874 4104 et
890 4060 1019 4105 sursum
1027 4038 1170 4104 reddidit
1181 4048 1312 4125 propter

166 4127 415 4210 impotenoiam3
445 4127 517 4192 hab.
552 4127 593 4190 ad
624 4134 715 4191 term.
748 4129 825 4192 vitae
856 4147 931 4204 suae,
957 4125 1043 4192 redd.
1073 4147 1131 4210 per
1160 4147 1211 4193 an.
1234 4128 1310 4204 xlv⁸‚

165 4213 352 4296 incipiendo
372 4214 497 4278 solvere
520 4213 562 4277 ad
584 4215 705 4278 festum
728 4215 820 4279 Pent.
835 4214 920 4281 ΑΙ).
933 4221 991 4282 eto.
1007 4214 1120 4279 lxxxv.
1159 4214 1310 4291 Gres’ma,

166 4299 239 4382 xiij⁸
253 4300 313 4382 iiij.
328 4301 529 4364 condonatur
543 4321 647 4384 usque
662 4310 702 4366 ν’.

211 4386 348 4451 Saeuus
393 4388 586 4470 Injunotum
611 4395 662 4452 est
688 4390 837 4455 omnibus
867 4396 931 4454 ten.
962 4388 1058 4464 villae,
1082 4388 1169 4471 quod
1199 4387 1309 4452 nullus

165 4494 277 4538 eorum
300 4474 504 4558 inhospitent
525 4474 668 4538 Alioiam
689 4476 816 4542 Morros
838 4478 924 4541 inire
945 4475 1059 4539 villam
1081 4475 1121 4540 de
1144 4482 1259 4552 oetero,
1282 4473 1311 4537 si

166 4560 263 4644 praed.
275 4560 385 4626 Alioia
399 4562 506 4626 utitur
520 4583 623 4626 mores
639 4563 790 4647 antiquos
806 4565 896 4650 [aio]:
918 4570 951 4628 et
962 4583 1059 4647 super
1073 4562 1135 4626 hoo
1146 4562 1255 4626 Adam
1271 4561 1312 4626 de
