3278 5204
318 584 358 642 52
578 592 736 641 astuosa
752 591 934 640 colonabus
949 589 1191 640 Dmtmsls
1363 578 1460 638 1366.

319 755 444 836 partem
455 749 541 815 villae
557 750 653 816 istius
668 755 702 816 et
717 770 819 814 unum
834 749 910 814 still’
921 749 963 814 ad
978 747 1209 814 occidentalem
1220 755 1345 832 partam
1359 747 1461 812 istius

320 837 414 902 villas
460 839 503 902 Et
532 838 631 904 etiam
657 837 744 922 quod
769 837 883 902 eadem
908 841 994 901 terra
1019 843 1052 902 et
1081 841 1165 901 terra
1189 835 1338 920 Hugonis
1362 834 1462 898 Paite

319 929 450 990 tenetur
464 923 534 1008 [eie]
550 925 696 990 invenire
711 944 814 988 unum
829 923 907 989 still'
923 923 1008 987 infra
1023 923 1134 988 eadem
1143 922 1223 986 villa
1237 923 1324 987 inter
1337 927 1462 986 terram

320 1031 420 1076 suam.
465 1012 509 1076 Et
523 1011 638 1076 116661
652 1010 739 1096 quod
760 1010 822 1074 hoo
837 1010 934 1075 fiebat
948 1031 968 1074 a
981 1015 1051 1076 toto
1065 1015 1209 1094 tompore
1223 1029 1288 1094 quo
1302 1008 1462 1074 memoria

321 1118 388 1162 non
402 1097 524 1162 existit.

364 1185 668 1250 Ean-Mearrecnos.
713 1183 793 1248 Dies
815 1182 909 1248 datus
932 1188 983 1248 est
998 1181 1156 1268 [Jobanni
1178 1182 1244 1246 filio
1266 1181 1401 1246 Ricardi
1421 1181 1461 1246 de

320 1269 521 1358 Merington]
538 1270 579 1336 ad
593 1269 779 1336 babendum
789 1270 843 1335 hic
858 1269 1025 1336 recordum
1037 1270 1148 1354 inquo
1163 1269 1243 1334 dicit
1256 1289 1291 1334 se
1304 1268 1462 1332 habuisse

320 1358 488 1422 licenciam
512 1357 704 1422 tabemandi
726 1377 830 1420 unum
852 1356 1069 1442 mesuagium:
1103 1356 1156 1422 hic
1181 1357 1333 1440 616166.
1359 1375 1462 1438 poena

320 1443 525 1508 admissionis
554 1444 625 1528 [616]
650 1443 797 1528 praedicti
822 1445 1039 1528 mesuagii.—
1054 1444 1244 1528 Injunctum
1273 1449 1323 1507 est
1351 1442 1461 1506 eidem

320 1529 466 1596 «Iohanni
481 1531 568 1614 quod
583 1551 648 1594 non
668 1529 765 1596 iaciat
787 1530 827 1597 de
849 1539 954 1596 cetero
976 1530 1120 1595 cbaoiam
1143 1537 1177 1595 61
1198 1529 1376 1594 rechaoiam
1402 1549 1462 1611 per

320 1617 428 1682 averia
443 1638 502 1684 sua
516 1618 722 1682 commorant’
739 1617 826 1701 apud
841 1616 1120 1702 Wyndellesdonn
1141 1617 1177 1681 in
1199 1637 1312 1700 campo
1328 1616 1368 1681 de
1383 1615 1461 1679 Fac

321 1705 518 1790 Meryngton
531 1705 593 1770 sub
607 1723 702 1788 poena
717 1704 922 1770 admissionis
937 1711 1030 1769 torrae
1046 1709 1079 1770 et
1090 1709 1348 1770 tenementorum
1359 1723 1461 1786 quam

321 1797 410 1856 tenet
425 1791 465 1858 de
480 1791 624 1856 Domino
639 1790 716 1876 [616]Ι

364 1879 677 1942 Mm-Maarnoros.
737 1877 947 1962 Compertum
983 1882 1035 1942 est
1064 1897 1122 1961 per
1146 1877 1209 1961 jur’
1243 1876 1330 1961 qnod
1355 1896 1461 1939 unum

320 1966 491 2049 cotagium,
516 1965 603 2050 quod
628 1965 791 2048 octagium
811 1963 997 2029 Willelmus
1027 1964 1136 2030 Carior
1161 1963 1247 2048 cepit
1275 1963 1311 2026 in
1333 1962 1461 2028 ultimis

320 2051 484 2116 Halmotis
514 2052 742 2118 deterioratum
766 2051 830 2114 luit
854 2051 892 2114 in
916 2057 1033 2115 tenura
1058 2051 1188 2116 Ricardi
1210 2050 1332 2115 Milner
1357 2069 1463 2134 nuper

319 2137 460 2202 tenentis
475 2138 620 2222 ejusdem
635 2139 677 2203 ad
690 2137 833 2203 valorem
847 2143 912 2203 136.
929 2137 980 2202 ld.

367 2314 460 2388 1366,
476 2309 649 2394 II.-['l'he
663 2318 720 2396 top
735 2317 792 2376 cut
806 2331 907 2396 away.
950 2310 1108 2376 Indorsed
1126 2316 1209 2376 1366
1224 2312 1260 2374 16
1274 2315 1340 2375 two
1355 2309 1461 2374 hands

320 2397 357 2460 61
368 2396 525 2480 probably
539 2397 596 2462 the
611 2398 779 2464 sixteenth
793 2403 938 2482 century,
952 2398 1018 2464 ond
1031 2399 1067 2462 in
1083 2399 1287 2464 Stevenson's
1299 2398 1326 2482 l]

366 2484 548 2548 Hnwoarfl.
593 2485 644 2548 Da
673 2485 840 2550 Willelmo
868 2485 909 2552 de
940 2485 1140 2564 Wermouth‚
1167 2485 1305 2551 Ricardo
1331 2483 1461 2568 Smyth‚

322 2569 461 2636 Roberto
483 2570 605 2649 Talion,
626 2571 777 2637 Jobanne
803 2573 844 2637 de
870 2571 1042 2651 Schaffeld,
1064 2573 1224 2638 Nicholao
1249 2573 1407 2648 Forester‚
1430 2577 1462 2635 et

321 2657 344 2722 J
346 2657 472 2722 ohanne
487 2659 527 2722 de
543 2657 713 2743 Schepley,
726 2659 785 2742 qui
795 2659 883 2743 apud
896 2659 928 2724 le
943 2658 1091 2723 Milnhill
1103 2660 1232 2725 Ricardi
1244 2658 1296 2724 del
1308 2658 1461 2744 Kytobin

321 2744 443 2829 depast’
458 2766 517 2830 per
537 2745 646 2810 averia
668 2766 779 2810 eorum
801 2745 842 2810 ad
868 2745 1047 2830 dampnum
1069 2746 1172 2830 ipsius
1199 2745 1338 2822 Ricardi,
1364 2751 1462 2830 prout

322 2837 522 2916 compertum
543 2838 593 2899 est
614 2853 672 2916 per
689 2834 753 2917 jur'
777 2833 836 2910 ad,
858 2833 899 2898 de
921 2833 1148 2898 misericordia
1197 2834 1391 2918 Injunctum
1413 2839 1463 2896 est

321 2920 471 2984 omnibus
493 2921 679 2986 tenentibus
693 2919 761 2984 vill’
776 2921 835 3004 qui
854 2919 1061 3004 deliquerunt
1075 2920 1212 2986 Ricardo
1235 2920 1289 2986 del
1308 2919 1460 3004 Kytchin

320 3006 357 3068 in
379 3006 474 3070 blado
491 3006 542 3070 vel
556 3007 592 3071 in
613 3006 766 3091 herbagio
780 3027 839 3071 suo
853 3006 908 3071 vel
922 3007 1016 3072 aliter
1029 3007 1116 3090 quod
1134 3008 1288 3072 accedant
1303 3006 1345 3070 ad
1360 3005 1462 3071 eccle-

320 3092 403 3156 siam
417 3093 457 3159 de
471 3094 580 3158 16666
595 3093 647 3159 (116
663 3093 836 3158 Dominica
849 3114 938 3177 prox.
955 3094 1065 3158 futura
1079 3101 1113 3158 61
1122 3095 1245 3160 ibidem
1259 3094 1461 3158 satisfaciant

322 3178 476 3260 praedicto
495 3179 632 3244 Ricardo
647 3180 687 3246 de
703 3180 852 3264 dampnis
866 3180 1030 3264 praedictis
1046 3179 1132 3246 unde
1146 3201 1181 3246 66
1196 3181 1264 3246 6616
1278 3200 1379 3244 manu
1395 3201 1461 3244 non

322 3283 380 3346 per
401 3268 453 3327 act
468 3313 475 3328 .
492 3314 499 3327 .
516 3314 522 3328 .
539 3266 600 3329 sub
621 3285 718 3348 66666
742 3267 814 3332 rad.
837 3266 980 3332 solvend'
995 3287 1054 3350 per
1073 3266 1169 3332 illum
1185 3268 1243 3351 qui
1264 3267 1299 3330 in
1320 3267 1461 3332 deffectu

321 3349 496 3431 reperitur:
516 3351 560 3413 Et
574 3352 662 3435 quod
675 3353 849 3436 praedictus
860 3353 1019 3418 Rioardue
1034 3353 1213 3420 satisfaciat
1224 3353 1294 3438 [eie]
1310 3353 1358 3418 eis
1370 3354 1460 3418 simi-

321 3433 398 3498 liter
427 3436 456 3499 si
485 3435 658 3521 deliquerit
685 3441 746 3504 sub
777 3440 1028 3524 peona-Dies
1058 3441 1134 3505 data
1163 3446 1213 3506 est
1238 3441 1343 3504 villat'
1373 3440 1459 3525 quod

321 3521 456 3586 videant
480 3522 620 3608 dampna
648 3525 734 3590 16616
763 3527 798 3590 16
828 3526 1023 3592 tenementis
1049 3527 1212 3611 quondam
1233 3526 1395 3592 Willelmi
1421 3528 1460 3592 de

322 3609 476 3676 Gisbwen
492 3631 564 3694 quae
586 3611 752 3678 Johannes
767 3613 933 3697 Taillyour
953 3614 1045 3696 prius
1067 3614 1174 3678 tenuit
1195 3634 1268 3698 quae
1289 3615 1312 3680 J
1314 3614 1461 3680 ohannes

322 3697 477 3782 watlok
491 3719 580 3764 nunc
595 3704 686 3764 tenet
700 3704 733 3764 61
747 3699 877 3784 dampn'
892 3706 1089 3784 praesentent
1103 3699 1143 3764 ad
1158 3721 1246 3784 pron

365 3787 615 3852 Hernawomn.
674 3786 866 3870 Injunctum
903 3794 954 3852 est
989 3787 1139 3852 omnibus
1175 3787 1363 3853 tenentibus
1392 3787 1460 3852 vill’

321 3873 435 3954 nequis
451 3893 560 3938 eorum
576 3875 751 3958 depascant
766 3873 836 3957 [eie]
852 3873 900 3940 166
919 3873 1002 3957 leyie
1016 3874 1077 3938 sub
1087 3894 1185 3957 poena
1197 3875 1270 3940 401.
1308 3875 1458 3959 ¹lnquira-

321 3961 375 4019 tur
389 3959 431 4020 ad
452 3961 540 4041 prox'
557 3961 596 4025 de
619 3961 762 4025 multura
783 3959 867 4024 sicca
882 3960 992 4026 debita
1013 3960 1152 4044 eoquod
1173 3965 1327 4026 tenentur
1340 3961 1461 4027 molere

321 4041 363 4105 ad
385 4043 443 4125 xiij
467 4065 525 4110 vas
547 4051 580 4111 et
602 4046 727 4112 molent
748 4046 790 4112 ad
812 4047 951 4114 molend’
966 4047 1007 4113 de
1029 4097 1036 4112 .
1060 4098 1067 4112 .
1091 4097 1099 4112 .
1122 4048 1164 4113 ad
1187 4070 1234 4112 xx
1253 4068 1312 4112 vas
1333 4068 1394 4132 per
1414 4069 1460 4112 xx

320 4149 422 4192 annos
438 4129 572 4212 elapsos.

364 4215 575 4282 Wsauousfl.
621 4217 700 4282 Dies
722 4219 818 4284 datus
841 4226 890 4286 est
904 4219 1071 4285 Willelmo
1094 4220 1214 4300 Carter,
1233 4222 1365 4287 Thomae
1379 4221 1460 4305 Wy·

319 4300 452 4379 douson,
473 4302 637 4386 Stephano
660 4303 772 4370 Carter
793 4311 826 4370 et
840 4307 1005 4374 Willelmo
1027 4307 1095 4373 filio
1110 4309 1240 4375 Ricardi
1261 4308 1348 4393 qnod
1371 4328 1461 4374 6666-

319 4389 497 4473 dantapud
508 4389 699 4455 Wermouth
711 4391 764 4457 die
776 4393 893 4458 Martis
904 4394 1033 4460 infesto
1044 4395 1270 4461 translacionis
1286 4397 1315 4462 S.
1328 4397 1460 4463 Thomee

319 4477 411 4561 [This
436 4476 580 4556 deestis
602 4482 636 4542 61
660 4477 716 4543 the
739 4480 931 4545 translation
954 4482 991 4546 61
1018 4482 1048 4547 S.
1075 4480 1214 4548 Thomas
1239 4483 1296 4550 the
1324 4484 1460 4569 apostle,

317 4565 400 4650 July
417 4564 517 4644 61611
532 4586 574 4631 on
590 4563 738 4651 lbesday
752 4567 787 4631 in
803 4567 859 4632 the
873 4587 951 4653 year
968 4572 1082 4634 1369=
1094 4569 1151 4635 G.:
1172 4569 1202 4634 if
1213 4572 1250 4636 61
1265 4571 1338 4637 that
1352 4573 1389 4638 61
1401 4594 1460 4639 cur
