3224 5212
184 566 277 628 1378.
450 579 609 628 mauors
623 580 804 631 mosmos
819 581 1058 632 murmurosus.
1259 575 1319 634 143

181 737 346 821 quondam
356 758 440 802 uxor
449 737 610 804 Johannis
626 738 665 803 de
686 787 694 804 .
718 789 725 804 .
747 788 754 803 .
777 743 835 802 ton
849 738 939 823 prius
950 740 1058 804 tenuit
1068 745 1101 804 et
1115 761 1243 806 sursum
1252 742 1322 807 red-

181 824 268 888 didit
281 823 412 909 adopus
426 824 529 908 ipsius
543 825 566 891 J
567 825 711 890 ohannis.
755 825 800 890 Et
813 827 915 891 eciam
926 826 1012 910 oepit
1022 827 1036 910 j
1047 847 1123 892 mes.
1135 829 1217 911 xxiij
1233 849 1323 894 aoras

181 917 274 976 tenae
288 911 404 975 ultimo
419 911 455 974 in
476 917 591 976 tenura
612 912 757 994 ejusdem
771 912 957 977 Oristianae:
980 913 1115 978 haband
1139 920 1173 979 et
1193 917 1321 982 tenend.

181 997 223 1062 ad
236 1003 328 1063 term
344 998 420 1063 vitae
442 1017 535 1062 suae·
555 1035 568 1046 ·
591 999 743 1064 Gres’m’a
766 1003 832 1062 23s.
849 998 898 1064 td
921 998 1007 1064 unde
1026 1000 1129 1065 solvet
1150 1002 1236 1067 infra
1257 1007 1322 1068 tres

182 1089 264 1168 sept.
281 1090 325 1150 6s.
343 1084 392 1149 8d
408 1084 573 1150 residuum
587 1105 662 1150 oum
675 1085 796 1169 recepit
810 1086 948 1169 primam
963 1092 1133 1151 vesturam.

225 1172 475 1237 Hurfluwosrfl.
512 1171 563 1236 De
574 1172 724 1237 omnibus
735 1173 922 1237 tenentibus
933 1172 1021 1237 villae
1032 1179 1147 1257 praeter
1158 1173 1321 1239 Simonem

181 1258 256 1342 Figi
270 1258 347 1342 quis
361 1278 427 1322 non
441 1265 670 1342 raparavenmt
683 1259 715 1324 le
730 1279 825 1324 causa
839 1265 935 1343 prout
948 1259 1132 1343 injunctum
1147 1261 1211 1324 fuit
1225 1262 1272 1326 eis
1286 1261 1322 1325 in

181 1345 330 1429 pluribus
345 1344 518 1422 Halmotis,
535 1345 605 1410 lad

225 1432 397 1496 meum
442 1431 635 1496 Ordinatum
657 1435 706 1495 est
728 1431 878 1496 omnibus
903 1432 1090 1497 tenentibus
1115 1432 1209 1498 istius
1234 1434 1322 1498 villae

183 1523 217 1582 et
239 1518 342 1582 villat'
370 1518 409 1583 de
435 1518 628 1583 Wermouth
653 1517 740 1602 quod
765 1518 876 1583 nullus
906 1539 1016 1582 eorum
1039 1519 1163 1585 intrant
1190 1521 1264 1604 [sio]
1286 1522 1322 1585 in

181 1610 331 1688 pasturas
357 1604 397 1669 de
423 1605 546 1670 Hilden
572 1611 606 1670 et
634 1605 682 1670 les
711 1605 837 1670 leoehes
868 1625 942 1669 oum
971 1605 1087 1670 averiis
1117 1625 1227 1671 eorum
1251 1607 1321 1672 sine

182 1691 504 1777 licenoiapraepoaiti

227 1779 383 1843 Scauros.
437 1779 489 1843 De
524 1778 625 1842 Diota
661 1777 845 1862 Brounyng,
874 1776 979 1842 Alioia
1008 1777 1170 1862 quondam
1204 1779 1322 1844 aneilla

183 1865 316 1929 Rioardi
326 1865 456 1942 Barker,
472 1864 589 1930 aneilla
600 1864 940 1929 RobertiLosohulder
949 1884 1008 1948 pro
1019 1865 1097 1948 leyr,
1111 1865 1194 1949 Agn’
1204 1866 1322 1950 Hayn',

182 1949 292 2016 Alioia
301 1951 341 2016 de
352 1951 512 2035 Boynton
524 1957 643 2017 3a.—·
659 1988 672 2001 -
687 1952 826 2016 Roberto
837 1951 1014 2035 Vttingson
1029 1987 1042 1999 ·
1058 1988 1072 1999 -
1081 1987 1123 1999 -
1133 1953 1322 2036 Injunotum

182 2044 234 2103 est
259 2038 409 2104 omnibus
433 2038 621 2104 tenentibus
644 2037 731 2102 villae
755 2037 841 2122 quod
865 2037 976 2103 nullus
1001 2057 1111 2102 eorum
1137 2059 1220 2104 suos.
1243 2039 1322 2105 bent

181 2125 268 2189 infra
282 2124 315 2190 le
329 2125 424 2209 hopp'
441 2126 510 2190 sine
523 2125 666 2190 lioenoia

225 2213 375 2277 Damon.
420 2213 653 2276 Praesantatum
667 2217 717 2275 est
731 2230 789 2295 per
799 2210 1009 2294 praepositum
1018 2211 1105 2275 villae
1116 2212 1203 2295 quod
1213 2213 1322 2277 omnia

183 2298 270 2366 bona
284 2298 442 2363 Willelmi
457 2299 573 2383 Smyth
587 2298 653 2362 fuit
668 2297 738 2381 [aio]
754 2302 909 2362 arrestata
930 2317 987 2382 pro
1009 2299 1211 2382 reparaoione
1232 2306 1321 2364 tene-

181 2385 288 2450 menti
302 2385 354 2450 sui
373 2405 410 2451 ao
431 2405 489 2470 pro
511 2384 644 2450 diversis
666 2385 760 2449 rebus
781 2384 812 2449 ei
833 2384 1037 2468 imponendis
1059 2406 1117 2469 per
1138 2385 1322 2450 dominum:

181 2471 226 2535 Et
247 2471 300 2556 pd
322 2471 506 2536 Willelmus
528 2471 580 2556 pd.
607 2476 763 2536 arrestum
784 2469 880 2554 fregit
901 2476 935 2535 et
956 2471 1040 2535 bona
1062 2492 1121 2536 sua
1143 2473 1321 2556 asportavit

182 2563 276 2640 extra
299 2558 480 2622 dominium
505 2564 616 2624 eontra
641 2577 761 2642 paoem,
782 2557 855 2622 ideo
882 2562 940 2622 eto.
996 2559 1039 2621 Et
1059 2558 1245 2641 injunctum
1271 2565 1322 2624 est

182 2645 290 2709 eidem
311 2645 398 2729 quod
419 2646 563 2710 reveniat
586 2649 619 2710 et
640 2645 742 2710 trahit
765 2644 834 2727 [sio]
856 2664 980 2709 moram
1000 2643 1122 2709 ibidem
1143 2646 1205 2710 sub
1226 2666 1323 2730 poena

182 2732 389 2796 admissionis
399 2731 482 2816 juris
494 2731 553 2797 a'ui.

226 2819 479 2884 Esr-Rnrrrrors.
524 2817 714 2902 Injunotum
736 2822 786 2881 est
807 2816 957 2881 omnibus
979 2816 1044 2881 ten'
1067 2816 1154 2899 quod
1175 2817 1321 2882 deaetero

181 2925 250 2970 non
268 2911 392 2988 ponant
406 2905 489 2970 ferra
510 2925 694 2970 carucarum
716 2903 801 2968 inira
816 2922 1021 2968 communem
1043 2903 1166 2967 fontem
1187 2923 1247 2968 neo
1262 2903 1321 2968 ali-

182 3012 283 3076 quam
297 2991 424 3057 sordem
437 2997 496 3056 aut
509 2991 667 3056 maculam
683 2989 805 3054 faciant
819 2990 854 3052 in
870 2989 989 3054 eodem.

228 3078 373 3143 Gouror.
416 3078 468 3143 De
490 3078 629 3143 Roberto
651 3076 793 3141 Bemard
812 3095 870 3160 pro
891 3073 1048 3140 muskelis
1071 3073 1213 3140 collectis
1236 3075 1322 3140 infra

182 3164 364 3229 dominium
387 3169 499 3229 oontra
521 3164 740 3229 defensionem
765 3162 914 3227 messoris
939 3161 1250 3226 6d-Ordinatum
1271 3168 1322 3227 est

182 3272 225 3316 ex
247 3251 412 3316 oommuni
433 3271 567 3316 assensu
580 3249 667 3334 quod
689 3249 800 3314 nullus
822 3247 1008 3314 tenenoium
1031 3255 1089 3312 aut
1111 3249 1321 3313 servientium

183 3337 273 3402 ville
286 3337 424 3402 insultat
439 3339 509 3422 [sio]
524 3337 626 3401 alium
640 3357 715 3402 oum
730 3336 812 3400 arcis
827 3335 898 3419 [sio]
913 3340 970 3399 aut
984 3334 1117 3418 sagittis.

227 3425 593 3489 Nuwurou-BEAULIEU.
649 3422 770 3489 Oeoilia
791 3420 939 3505 Raynald
960 3421 1047 3505 oepit
1064 3421 1078 3505 j
1106 3422 1267 3508 ootagium
1289 3428 1323 3487 et

183 3511 417 3595 vjaorasterrae
428 3531 500 3595 quae
510 3512 643 3576 fuerunt
657 3508 943 3592 Aunisianouper
956 3508 1165 3574 matrissuae:
1185 3508 1321 3574 haband

185 3604 219 3662 et
232 3597 362 3662 tenend.
379 3597 421 3662 ad
435 3603 538 3662 totam
551 3597 654 3662 vitam
669 3616 761 3661 suam
776 3595 812 3658 in
823 3595 896 3678 jure
911 3631 925 3642 -
940 3632 955 3641 -
970 3594 1122 3660 Gros'm'a
1140 3600 1260 3659 10s.—
1271 3597 1322 3660 De

185 3685 352 3748 Willelmo
390 3683 490 3749 Seton
517 3704 575 3769 pro
603 3683 856 3766 transgressione
885 3681 970 3746 faeta
999 3680 1166 3745 Willelmo
1195 3681 1322 3746 Jakson

184 3771 294 3855 ipsum
307 3770 494 3836 insultando
509 3790 582 3836 oum
599 3769 679 3834 areis
695 3769 765 3853 [sio]
781 3789 822 3832 ex
837 3767 963 3852 sagittis
977 3804 993 3812 -
1006 3804 1021 3815 -
1038 3765 1088 3831 dd.

228 3857 353 3922 Astur.
388 3857 572 3923 Willelmus
584 3858 696 3921 Power
709 3855 796 3938 oepit
806 3855 819 3937 j
832 3853 992 3938 ootagium
1003 3872 1077 3917 oum
1087 3851 1218 3936 gardino
1226 3853 1323 3937 juxta

185 3943 408 4010 molendinum
423 3944 511 4028 quod
533 3943 698 4008 Gilbertus
713 3942 844 4007 Grubbe
863 3939 979 4004 ultimo
994 3938 1117 4003 tenuit:
1139 3938 1273 4005 haband.
1290 3945 1323 4004 et

185 4031 315 4096 tenend.
339 4029 381 4094 ad
405 4034 496 4096 term.
527 4030 604 4095 vitae
633 4049 718 4094 suae:
754 4027 841 4092 redd
867 4025 1024 4091 soaooario
1050 4025 1174 4089 domini
1202 4026 1323 4092 Prioris

187 4124 232 4182 ts.
256 4117 306 4182 o‘d
327 4122 360 4183 et
381 4116 604 4182 manutenebit
625 4136 699 4180 suas
722 4114 832 4179 domos
855 4120 888 4178 et
909 4133 962 4177 eas
981 4112 1017 4175 in
1039 4111 1213 4178 sufficienti
1235 4119 1323 4179 statu

185 4203 338 4270 dimittet.
373 4205 417 4268 Et
432 4204 471 4269 de
487 4203 560 4268 aliis
574 4202 723 4268 domibus
738 4200 890 4266 terrarium
904 4199 1001 4265 faciet
1015 4199 1218 4265 voluntatem
1232 4221 1325 4266 suam

186 4327 229 4338 ·-
245 4291 397 4356 Gres'm’a
413 4290 484 4356 l2d

229 4377 377 4442 Boaoou.
421 4377 611 4461 Injunotum
637 4379 687 4440 est
707 4372 936 4438 brasiatoribus
959 4372 1047 4437 villae
1071 4373 1159 4457 quod
1179 4373 1323 4438 vendant

182 4464 196 4548 j
211 4463 361 4548 lagenam
375 4463 518 4529 oervisiae
532 4483 590 4547 pro
601 4462 615 4546 j
628 4461 657 4528 d.
673 4465 707 4526 et
719 4460 782 4525 hoo
795 4479 853 4543 per
866 4460 1007 4524 mensur’
1023 4459 1126 4544 sigill’.

229 4550 288 4635 [Ia
308 4552 419 4635 dorm]
463 4551 586 4616 Aorno
607 4548 744 4614 Est-M'.
787 4546 839 4611 De
859 4547 1046 4612 tenentibus
1068 4545 1162 4610 istius
1181 4544 1267 4610 villae
1290 4551 1322 4610 et
