3224 5212
296 568 358 628 160
550 575 709 625 umuom
731 574 914 623 salonarus
937 573 1179 624 nuunuunusm.
1340 562 1442 624 1379.

294 742 327 802 ct
337 733 427 800 Will.
441 733 625 818 obligantur
639 733 674 797 in
689 733 789 817 duplo
801 733 881 797 firm.
893 733 990 817 primi
1005 733 1092 809 anni,
1107 738 1145 796 ut
1159 735 1250 816 patet
1264 753 1444 816 perunum

293 821 523 908 obligationem
538 822 574 886 in
588 821 710 886 custod.
723 822 805 885 dom
819 822 842 885 J
843 820 914 884 ohis
929 821 969 886 de
986 821 1172 904 Beryngton
1187 819 1320 884 terrarii

340 1001 433 1064 1379.
457 995 665 1079 Ili-Apud
682 995 788 1059 Hebn.
803 994 857 1058 die
873 995 972 1058 Lunae
987 1014 1078 1077 prox.
1094 998 1168 1077 post
1183 993 1302 1057 festum
1318 995 1348 1058 S.
1364 995 1439 1058 Pet.

294 1104 400 1150 coram
427 1083 567 1150 dominis
593 1082 668 1148 Joh.
694 1082 735 1145 de
761 1082 949 1165 Beryngton
976 1089 1049 1146 terr.
1076 1089 1110 1145 et
1129 1081 1216 1156 burc,
1241 1081 1364 1144 Thomu
1393 1082 1441 1145 de

295 1172 429 1256 Gorbrig
443 1212 454 1222 -
469 1210 480 1220 -
495 1172 530 1254 (o
540 1169 715 1254 portianos
725 1169 773 1232 tte
788 1170 925 1250 heudino
939 1169 968 1232 ie
982 1175 1054 1231 toro
1068 1189 1169 1251 away,
1183 1169 1250 1231 aud
1265 1169 1444 1231 1100011100·

290 1267 369 1344 part
383 1260 421 1343 os
432 1260 480 1322 uo
494 1257 554 1320 roll
569 1257 722 1320 1001111001
737 1256 869 1338 111091ὸί0
877 1257 968 1338 from
982 1257 1099 1338 decoy).

339 1347 516 1410 Sorflwrss
561 1343 651 1407 Will.
676 1343 749 1406 Kaa
771 1364 796 1406 0.
813 1343 856 1407 di.
875 1343 968 1406 bond.
985 1341 1042 1408 ult.
1065 1343 1101 1405 in
1122 1349 1187 1406 ten.
1204 1342 1277 1405 Joh.
1293 1341 1335 1406 fil.
1350 1342 1441 1405 Adae

294 1434 428 1498 senioris
440 1455 448 1512 ;
469 1431 542 1496 hab.
558 1431 600 1494 ad
615 1436 706 1494 term.
722 1430 798 1493 vitas
812 1450 880 1494 suaa
894 1429 936 1493 ad
950 1431 1032 1494 firm.
1046 1429 1155 1493 denar.
1167 1449 1196 1512 p.
1209 1450 1235 1492 a.
1247 1450 1327 1493 scao.
1344 1430 1397 1511 xvj
1408 1450 1438 1493 s.

294 1527 328 1584 ct
349 1525 470 1603 argent.
492 1523 566 1582 terr.
589 1517 676 1601 quod
698 1517 788 1601 prius
811 1517 875 1580 fuit
896 1517 938 1580 ad
960 1517 1070 1580 servio.
1086 1553 1101 1564 -
1115 1553 1130 1564 -
1145 1516 1232 1579 unde
1247 1516 1341 1598 praed.
1356 1517 1435 1579 Joh.

294 1627 422 1670 sursum
438 1605 577 1669 reddidit
592 1611 722 1688 propter
736 1605 965 1687 impotenciam
980 1641 995 1652 -
1010 1641 1024 1654 -
1039 1604 1083 1667 Et
1097 1603 1269 1667 aedificabit
1287 1605 1301 1686 j
1325 1623 1435 1686 grang.

294 1693 335 1758 de
359 1694 512 1757 meremio
538 1693 561 1775 ij
590 1691 733 1774 coppells
755 1690 795 1754 de
818 1691 907 1754 sillcs
930 1699 963 1754 et
984 1691 1007 1773 ij
1030 1689 1223 1774 gavelforks
1246 1697 1279 1753 et
1300 1690 1437 1753 habebit

295 1780 454 1864 [1110911110]
471 1780 511 1844 de
526 1779 609 1843 dom.
627 1787 660 1842 et
676 1778 733 1860 xiij
746 1797 771 1841 0.
786 1777 835 1860 iiij
848 1777 888 1854 d.‚
903 1784 936 1841 et
950 1778 1078 1841 invenit
1093 1776 1216 1860 [blank]
1232 1797 1319 1840 acras
1334 1778 1436 1840 unius

295 1888 413 1932 arrurae
428 1887 512 1950 prec.
525 1887 570 1931 ao.
584 1866 653 1942 xd,
662 1885 742 1949 quos
754 1864 859 1928 denar.
871 1865 993 1948 recepit
1003 1864 1039 1927 in
1054 1864 1217 1928 solucione
1232 1865 1327 1947 praed.
1339 1865 1397 1947 xiij
1408 1885 1436 1928 0.

293 1955 392 2038 iiijd,
407 1963 441 2020 et
470 1953 621 2020 dominus
643 1951 794 2018 allooabit
815 1951 911 2036 praed.
933 1972 1034 2017 arrur.
1058 1951 1211 2035 praedicto
1232 1951 1376 2015 Johanni
1397 1953 1437 2014 in

294 2043 413 2108 debitis
429 2043 504 2106 suis.

337 2130 546 2193 ernsrou
602 2126 678 2191 Joh.
700 2125 797 2209 Gray,
819 2124 911 2191 Will.
938 2125 1032 2209 Paga,
1056 2125 1147 2189 11111
1182 2125 1262 2202 Bell,
1288 2125 1363 2189 Joh.
1393 2125 1435 2188 de

295 2214 480 2279 Simondset
503 2215 570 2276 aud
593 2214 693 2275 others
714 2234 772 2295 pro
795 2219 893 2276 trans.
917 2212 1003 2276 facta
1025 2211 1061 2275 in
1084 2212 1350 2277 Caldwelmcdow
1376 2233 1436 2295 per

294 2301 401 2376 boves,
416 2321 538 2374 vaccas,
554 2304 586 2362 01
601 2319 706 2376 aucas,
721 2308 754 2363 01
769 2299 833 2363 alia
848 2301 956 2363 averia
970 2299 1012 2362 ad
1026 2300 1132 2382 damp.
1149 2300 1232 2364 dom.
1244 2300 1292 2382 iiij
1304 2320 1337 2375 0.,
1352 2319 1433 2381 quos

294 2387 402 2451 Adam
419 2387 529 2450 Carter
544 2385 687 2448 serviens
708 2385 790 2450 dom.
806 2387 971 2470 percipiet,
987 2406 1024 2450 οο
1039 2387 1125 2469 quod
1140 2388 1333 2451 satisfecerit
1349 2386 1432 2450 dom.

294 2475 330 2538 in
354 2483 501 2556 compoto
527 2491 594 2535 suo.
610 2505 654 2518 —-
669 2472 860 2554 Injunctum
884 2482 934 2538 cst
959 2475 1109 2538 omnibus
1139 2482 1203 2539 ten.
1229 2474 1317 2538 villae
1346 2474 1434 2556 quod

294 2560 405 2624 nullus
422 2579 531 2623 eorum
553 2557 665 2622 lavent
686 2579 810 2642 pannos
832 2561 874 2624 ad
896 2561 1054 2624 fossatum
1072 2561 1169 2644 juxta
1191 2561 1349 2645 capellam
1372 2562 1434 2624 sub

295 2669 390 2732 poena
416 2647 461 2729 xij
475 2645 763 2727 d.-Injunctum
788 2654 838 2711 est
864 2647 1013 2712 omnibus
1044 2653 1108 2712 ten.
1132 2648 1253 2713 Prioris
1279 2648 1433 2712 Dunelm.

294 2735 379 2798 inira
395 2732 575 2796 dominium
591 2733 671 2796 dicti
693 2733 813 2798 Peioris
835 2734 923 2816 quod
945 2734 1056 2798 nullus
1078 2755 1189 2798 eorum
1211 2735 1333 2798 molent
1356 2735 1434 2797 alibi

294 2842 393 2906 quam
415 2821 457 2884 ad
478 2818 616 2883 molend.
632 2818 716 2884 dom.
741 2819 869 2896 Primis,
885 2821 947 2884 sub
969 2840 1066 2903 poena
1088 2843 1133 2884 xx
1144 2842 1180 2898 s.‚
1194 2830 1229 2885 et
1250 2822 1351 2886 eciam
1372 2822 1434 2884 sub

293 2929 391 2993 poena
405 2907 609 2970 admissionis
624 2925 671 2989 eq.
688 2911 720 2970 01
736 2906 830 2969 ferini
845 2904 924 2992 [ric].
958 2907 1137 2990 Inquisioio
1152 2915 1234 2991 capt.
1251 2909 1290 2971 ad
1306 2909 1435 2971 Harton

293 3016 352 3078 per
360 3001 548 3059 sacrament
558 2994 581 3057 J
582 2993 632 3057 oh.
644 2993 726 3057 Reid
735 2990 817 3078 [aad
831 2994 933 3056 twolve
942 2994 1053 3076 others]
1066 2996 1123 3077 qui
1134 2994 1249 3059 dicunt
1259 2995 1346 3078 quod
1358 2996 1380 3058 J
1382 2994 1433 3058 oh.

294 3082 338 3148 fit
349 3083 432 3146 Adae
447 3102 512 3146 sen.
528 3085 561 3144 et
575 3081 598 3145 J
600 3079 650 3143 oh.
667 3079 710 3144 fit
726 3080 807 3143 Adae
817 3081 898 3163 jun„
912 3080 1020 3144 Adam
1034 3081 1211 3159 Halknasc,
1227 3083 1316 3146 John
1326 3081 1434 3145 Grene

294 3179 526 3235 commorantes
550 3168 586 3230 in
603 3166 773 3246 Suthwyk,
794 3166 902 3230 Adam
927 3168 1052 3232 Jonson
1075 3170 1223 3245 Tomson‚
1245 3169 1376 3232 nativus
1398 3169 1434 3230 in

294 3257 456 3341 Suthwyk
466 3262 499 3320 et
511 3274 597 3318 nunc
613 3275 813 3318 commorans
828 3255 864 3317 in
878 3254 1021 3338 Elswyk‚
1033 3255 1161 3320 Matild.
1174 3257 1197 3320 J
1199 3255 1265 3319 on's
1275 3255 1435 3338 doughter

293 3345 406 3408 nativa
426 3344 463 3406 in
478 3342 639 3424 Suthwyk
662 3348 694 3405 et
717 3361 917 3405 commorans
932 3341 1020 3424 apud
1042 3342 1177 3418 Boldon,
1193 3343 1332 3406 Thomas
1347 3343 1435 3404 Mar-

293 3430 412 3494 medok
426 3428 557 3492 nativus
571 3428 649 3492 ibid.
664 3434 697 3491 et
712 3448 790 3492 com.
806 3428 842 3491 in
859 3429 999 3512 Corbrig,
1011 3434 1044 3492 et
1058 3435 1192 3492 vocatus
1206 3429 1283 3493 ibid.
1294 3429 1433 3493 Thomas

294 3516 376 3580 Ooik
399 3521 433 3579 et
454 3521 544 3578 tenet
565 3513 641 3577 ibid.
657 3534 860 3578 communem
882 3516 1025 3592 furnum,
1039 3516 1147 3579 Adam
1170 3517 1282 3580 Carter
1302 3522 1335 3580 et
1357 3515 1432 3580 Joh.

294 3604 393 3668 irater
404 3602 473 3686 ejus
485 3600 528 3664 fil.
541 3600 564 3664 J
565 3600 615 3664 oh.
626 3599 826 3682 Wiikynson
842 3600 881 3664 de
896 3602 1055 3666 Heworth
1070 3603 1175 3666 nativi
1189 3603 1276 3679 ibid,
1287 3609 1320 3666 et
1334 3602 1431 3684 praed.

293 3692 401 3755 Adam
422 3708 509 3752 nunc
526 3693 670 3751 moratur
690 3687 727 3749 in
749 3687 887 3764 Harton,
902 3695 936 3753 01
957 3688 980 3752 J
982 3689 1033 3754 oh.
1049 3689 1149 3754 irater
1164 3691 1233 3773 ejus
1247 3689 1432 3754 deserviens

292 3779 366 3843 Joh.
394 3779 434 3842 de
458 3774 674 3840 Hetheworth
697 3773 784 3857 apud
809 3774 926 3853 Hebn.,
940 3775 1030 3840 Will.
1047 3775 1089 3840 fil.
1113 3776 1188 3842 Joh.
1211 3776 1344 3840 senioris
1366 3783 1433 3838 nat.

292 3866 370 3930 ibid
397 3870 541 3928 moratur
563 3861 650 3945 apud
676 3863 807 3925 Novum
829 3870 978 3940 castrum,
1002 3862 1103 3940 11111,
1117 3863 1217 3927 11011.
1241 3870 1274 3928 01
1296 3863 1365 3928 Ric.
1388 3862 1433 3926 fil.

292 3952 316 4016 J
318 3953 368 4016 ob.
384 3952 534 4036 Dogeson
549 3948 654 4014 nativi
676 3949 711 4012 in
727 3949 854 4012 Harton
877 3955 910 4012 et
931 3958 1065 4014 manent
1086 3950 1120 4013 in
1137 3950 1342 4026 Northumb.,
1356 3949 1432 4014 Joh.

293 4037 336 4101 fil.
348 4038 478 4102 Thomas
493 4037 608 4101 Gilson
623 4043 688 4100 nat.
703 4035 780 4099 ibid
797 4042 831 4099 et
844 4042 954 4099 manet
968 4037 1055 4119 apud
1070 4037 1173 4101 South
1190 4037 1330 4111 Scheles,
1340 4036 1434 4100 Will.

293 4124 473 4205 Maymond
494 4123 624 4186 nativus
646 4123 733 4206 apud
747 4122 935 4207 Wyvestow
949 4143 1085 4187 manens
1105 4123 1193 4200 ibid.,
1209 4125 1276 4188 Ric.
1292 4123 1335 4186 fir
1350 4123 1436 4186 Adae

293 4211 432 4274 Diotson
447 4216 511 4274 nat.
527 4209 614 4292 apud
629 4209 757 4273 Harton
780 4215 813 4273 et
833 4209 1018 4274 deserviens
1032 4209 1116 4274 dom.
1132 4211 1219 4294 apud
1235 4211 1435 4294 Wyvestow‚

293 4298 371 4382 Rog.
386 4296 487 4361 Ward
511 4295 550 4358 de
566 4296 695 4358 Harton
718 4302 750 4359 et
766 4296 834 4360 Ric.
850 4296 893 4362 fil.
910 4297 990 4380 ejus,
1004 4296 1094 4362 Will.
1111 4297 1196 4382 Page
1211 4317 1277 4362 sen.
1293 4303 1326 4362 ct
1341 4297 1433 4360 Wilt

293 4385 378 4470 Pege
390 4384 459 4466 jun.
475 4388 508 4447 et
529 4381 678 4445 Dionisia
692 4381 736 4447 fil.
751 4382 819 4447 Ric.
835 4383 920 4467 Paga
935 4389 1000 4448 nat
1016 4384 1102 4467 apud
1117 4385 1247 4449 Harton
1264 4392 1435 4448 manentes

292 4472 380 4557 apud
401 4471 432 4536 le
455 4468 562 4534 North
585 4468 697 4533 Schels
720 4489 794 4534 oum
815 4469 890 4534 Joh.
912 4470 1100 4548 Nicholson,
1115 4478 1148 4537 01
1170 4472 1322 4536 Jobanna
1344 4491 1436 4535 soror

292 4559 393 4645 ejusd
416 4556 599 4628 deserviens
625 4557 706 4622 Rob.
729 4556 774 4626 fil.
802 4557 879 4642 Rog.
906 4557 947 4622 de
971 4558 1109 4636 Harton,
1123 4559 1199 4624 Joh.
1215 4559 1256 4624 dc
1279 4556 1434 4623 Moulton
