3278 5204
176 550 272 610 1365.
441 559 1055 612 sannamrnrcaarvsnvunnumvsrs.
1275 553 1315 614 47

173 738 273 801 super
286 717 446 783 serviente
461 717 621 802 praedicto.
634 755 679 765 -
688 718 741 782 Da
754 717 861 783 Alano
881 719 1041 785 serviente
1055 719 1096 785 de
1111 720 1237 786 Kettcn
1258 741 1316 806 pro

173 826 243 869 unc
257 805 360 869 crofta
383 810 416 870 at
437 826 503 869 una
524 825 597 870 acra
617 805 671 870 del
692 805 741 870 les
762 805 833 889 leys
854 825 928 889 quae
949 807 1108 872 Robertus
1123 808 1205 874 Wili
1226 810 1316 893 prius

173 891 302 956 tenuit:
327 891 465 956 habend'
491 898 526 956 et
551 893 615 956 ten'
639 891 681 956 ad
703 897 794 956 term.
820 893 898 956 vitae
922 912 1006 958 suae:
1036 894 1122 958 redd.
1149 895 1317 979 antiquam

174 977 303 1042 firmam
317 984 351 1043 et
370 978 516 1043 faciendo
538 977 680 1043 Domino
701 984 735 1044 et
755 979 874 1043 vicinis
888 999 961 1062 quae
982 979 1184 1047 incumbunt.
1228 982 1318 1066 Pleg.

174 1064 217 1128 de
230 1065 324 1128 firma
338 1068 371 1129 et
386 1065 536 1130 omnibus
551 1065 625 1130 aliis
640 1085 712 1149 quae
726 1065 929 1142 incumbunt,
948 1066 1116 1132 lohannes
1138 1067 1317 1153 Sehephird

175 1157 210 1214 et
224 1149 331 1214 Adam
345 1151 494 1234 Biscopp.
536 1151 581 1216 Et
596 1152 652 1216 dat
666 1171 724 1235 pro
738 1152 871 1236 gres’me
888 1152 959 1218 md.

221 1236 343 1302 Acnuv.
366 1238 559 1302 Ordinatum
568 1243 619 1303 est
627 1258 667 1302 ex
676 1238 840 1302 communi
848 1259 981 1303 assensu
990 1239 1076 1323 qnod
1087 1238 1198 1306 nullus
1207 1260 1317 1305 eorum

174 1324 346 1406 permittat
357 1324 514 1408 pullanos,
524 1325 654 1402 vitulos,
663 1325 835 1389 sterkettos
846 1345 904 1389 eeu
915 1324 1024 1409 aliqua
1038 1325 1103 1390 alia
1116 1327 1223 1392 averia
1233 1328 1318 1392 infra

175 1430 330 1492 campum
357 1411 483 1495 inquo
512 1411 712 1476 frumentum
741 1411 917 1476 seminatur
937 1431 1104 1496 quousque
1128 1413 1226 1478 blada
1250 1414 1317 1478 sint

175 1516 284 1560 messa
292 1503 326 1560 et
334 1504 504 1580 asportata,
515 1498 575 1562 sub
584 1497 866 1582 poenadimarcae.
896 1499 940 1562 Et
948 1499 1116 1563 sciendum
1126 1500 1318 1584 quodpoena

176 1582 358 1665 ponebatur
369 1585 440 1668 [sic]
448 1584 490 1648 ad
501 1585 621 1648 festum
632 1585 716 1649 Nat’.
726 1623 768 1636 -
778 1585 830 1648 Dc
843 1585 1080 1650 communitate
1089 1585 1177 1650 villae
1190 1586 1318 1671 (prater

176 1669 484 1771 Willelmumllpbi)
501 1671 578 1755 quie
591 1691 658 1771 ncn
668 1671 855 1771 ‘habuerunt
866 1691 969 1736 unum
979 1692 1182 1772 communem
1191 1674 1316 1757 punde-

176 1758 1019 1927 ...flua
1033 1758 1318 1926 allatura

178 1928 1318 2103 titillatam&lltdllltltt{tt

179 2100 290 2165 viduae
304 2103 346 2167 sd
363 2109 453 2168 term.
469 2104 545 2168 vitae
559 2123 644 2169 suae:
665 2104 751 2168 redd.
774 2124 805 2188 p.
820 2124 846 2168 a.
866 2109 930 2168 lla
975 2105 1019 2167 Et
1039 2103 1174 2188 incipiet
1195 2105 1318 2170 solvere

179 2207 267 2252 anno
282 2193 340 2252 eta.
354 2188 483 2273 lxvijm0,
497 2195 530 2255 et
544 2190 650 2255 medio
664 2195 807 2274 tempore
822 2190 934 2254 reddet
954 2189 1059 2268 blada,
1081 2191 1194 2270 silicet,
1213 2212 1317 2256 unum

179 2275 381 2356 quarterium
408 2277 565 2345 frumenti
590 2283 623 2342 et
644 2278 657 2360 j
683 2277 880 2361 quarterium
906 2277 994 2341 ordei
1019 2277 1196 2355 annuatim,
1221 2285 1319 2361 prout

178 2361 354 2444 praediatus
369 2361 476 2426 Adam
489 2363 580 2447 prius
593 2363 734 2428 reddidit
750 2363 888 2427 Ricardo
910 2363 952 2428 de
971 2363 1127 2428 Hevvcrth
1148 2385 1252 2448 nuper
1265 2365 1318 2428 fir·

179 2447 291 2512 mario.
337 2448 397 2532 [At
410 2449 467 2513 the
481 2469 569 2514 same
584 2456 675 2514 court
690 2454 894 2532 twenty-two
916 2469 1057 2533 persone,
1071 2450 1241 2534 including
1259 2450 1317 2516 the

178 2533 280 2610 vicar,
300 2554 383 2599 were
397 2534 484 2600 fined
503 2536 553 2600 fer
574 2536 781 2620 depasturing
803 2534 888 2600 their
912 2536 1009 2600 cattle
1030 2536 1067 2600 in
1088 2537 1144 2601 the
1166 2543 1235 2601 oats
1258 2538 1320 2602 “of

179 2619 324 2684 Richard
352 2621 392 2686 de
420 2622 586 2700 Hevvcrth,
607 2622 673 2687 late
700 2623 827 2699 sarmer,
856 2623 969 2687 attha
994 2622 1222 2706 Northcroft.”]
1274 2623 1319 2687 Et

179 2706 241 2770 fac'
255 2707 401 2772 Domino¹
420 2713 453 2772 et
473 2709 590 2774 vicinis
612 2730 685 2794 quae
705 2709 907 2773 incumbunt.
960 2709 1045 2793 Plag.
1064 2710 1152 2793 [etc]
1195 2711 1240 2774 Et
1261 2709 1318 2775 dat

179 2813 240 2876 pro
254 2795 387 2877 gres'ma
404 2795 476 2860 lad.
1335 2849 1336 2852 η

226 2879 380 2946 Buauorv.
424 2882 532 2946 Alicia
553 2886 587 2946 et
607 2882 691 2966 Agn’
713 2881 847 2946 heredes
869 2881 985 2965 Regeri
1009 2881 1159 2945 Anctscn
1190 2881 1223 2964 [a
1251 2880 1318 2946 free

180 2969 307 3044 tenant,
335 2969 405 3031 aida
433 2969 634 3046 Fcodara'wm,
662 2988 692 3051 p.
725 2968 780 3052 45]
810 2968 958 3033 fecerunt
986 2967 1176 3032 fidelitatem
1200 2966 1254 3031 hic
1283 2967 1319 3030 in

179 3052 339 3204 gurppbeet
363 3052 485 3119 habent
508 3055 595 3119 diem
619 3054 662 3119 sd
685 3054 821 3118 faciend'
844 3053 1066 3119 credulitatem
1091 3053 1128 3116 in
1153 3053 1264 3138 vigilia
1286 3053 1317 3119 S.

209 3159 234 3200 u
310 3140 362 3204 rti
543 3174 545 3178 ¹
1223 3171 1226 3180 ¹

207 3224 564 3324 ..Wusr-Mnavrverou.
608 3227 659 3292 De
674 3227 796 3291 Thema
817 3226 1008 3327 Marmedek
1029 3247 1087 3310 pro
1108 3246 1173 3290 uno
1187 3225 1270 3291 tofto
1285 3231 1318 3292 et

179 3332 336 3462 ἓὲὲἓῖῗ
349 3313 1317 3484 attat.t35⁰rtllt¹r²tlt³⁰t.luteut¹t

178 3485 268 3550 redd.
279 3486 447 3570 antiquam
458 3487 584 3550 fi1mam
595 3494 628 3551 et
639 3487 774 3551 servicia
786 3485 882 3570 [etc.].
912 3488 955 3551 Et
964 3487 1020 3552 dat
1033 3507 1091 3569 pro
1105 3487 1238 3571 gres'ma
1255 3493 1318 3551 aa:
1415 3539 1417 3542 .

179 3572 381 3636 condonatur
401 3593 459 3656 per
483 3573 653 3638 terrarium
677 3573 719 3638 ad
743 3573 980 3656 reparacicnem
1001 3573 1073 3638 ten’.
1117 3574 1162 3637 Et
1182 3573 1318 3656 incipiet

179 3657 307 3723 solvere
331 3660 373 3723 ad
397 3659 516 3724 festum
541 3660 633 3724 Pent.
664 3680 749 3724 anno
775 3665 835 3725 ete.
861 3659 956 3744 lnvjto
979 3664 1013 3724 et
1038 3658 1205 3724 sciendum
1230 3658 1317 3741 quod

180 3744 325 3828 dampna
348 3745 460 3810 aedific'
482 3746 708 3831 adjudicantur
729 3747 772 3811 ad
794 3751 839 3810 ts.
863 3745 1043 3831 dequibus
1068 3745 1155 3808 idem
1177 3744 1316 3808 Thomas

182 3835 315 3914 reputat
329 3853 364 3897 se
377 3836 537 3915 pacatum.

228 3918 328 3983 Fnav.
372 3919 565 3984 Ordinatum
586 3925 636 3984 est
657 3939 697 3983 ex
719 3917 882 3983 communi
904 3937 1037 3982 assensu
1051 3915 1138 4001 quod
1159 3916 1318 3981 Rcbertus

182 4004 275 4069 Todd
300 4005 461 4070 custodiat
485 4006 633 4070 bidentes
657 4025 731 4070 suos
756 4026 798 4070 ne
823 4005 997 4089 depascant
1019 4003 1116 4068 blada
1137 4002 1318 4068 vicinorum

181 4111 316 4158 suorum
336 4112 397 4157 nec
417 4096 583 4176 pasturam
604 4093 725 4156 bovum
746 4092 807 4156 sub
822 4112 919 4174 paena
934 4091 1006 4155 lod.
1049 4092 1094 4154 Et
1115 4089 1217 4154 eciam
1232 4091 1319 4175 quod

181 4177 323 4263 quilibet
346 4179 409 4243 ten'
425 4178 587 4243 custodiat
603 4198 725 4262 porcos,
740 4179 847 4255 boves,
870 4198 969 4262 equos
991 4181 1025 4242 et
1046 4176 1110 4241 alia
1131 4177 1239 4242 averia
1260 4198 1319 4242 sua

157 4301 161 4308 ·
181 4287 224 4330 ne
240 4264 415 4348 depascant
428 4265 524 4330 blada
544 4265 598 4330 vel
620 4285 659 4329 ea
679 4265 875 4341 conculeant,
890 4271 923 4329 et
937 4265 1024 4348 quod
1047 4263 1168 4328 Octarii
1187 4268 1320 4329 teneant

181 4351 292 4417 averia
314 4371 372 4416 sua
393 4352 478 4416 inira
498 4372 702 4417 communem
723 4356 889 4436 pasturam
909 4351 970 4415 sub
984 4370 1081 4434 paena
1101 4350 1262 4433 praedicta.
1275 4387 1319 4396 -

181 4439 236 4503 De
258 4437 398 4502 Roberto
419 4438 460 4502 de
481 4438 678 4524 Meryngton
698 4459 756 4523 pro
777 4458 843 4502 uno
865 4438 989 4522 cctagio
1008 4443 1041 4502 ct
1054 4437 1099 4519 vij
1124 4436 1205 4500 acris
1227 4442 1319 4501 terrae

182 4531 217 4590 et
232 4525 274 4591 di.
291 4544 363 4607 quae
377 4525 509 4590 fuerunt
530 4526 566 4589 in
587 4529 702 4590 tenura.
722 4526 746 4590 J
747 4525 883 4589 ohannis
906 4525 945 4590 da
967 4524 1112 4606 Trollop:
1134 4522 1269 4587 habend'
1286 4529 1319 4585 et
