3278 5204
287 573 328 634 94
546 582 1155 634 nnuuornraronsrusnuuuuuuusrs.
1327 571 1420 634 1370.

286 741 479 826 passagium
491 779 535 792 -·
544 741 733 826 Injunctum
749 748 800 807 est
814 741 964 808 omnibus
978 742 1165 807 tenentibus
1179 741 1268 806 villae
1290 747 1323 806 et
1337 743 1422 807 ordi·

286 835 400 894 natum
414 829 500 894 inter
514 848 567 894 eos
583 829 670 912 quod
684 828 822 913 quilibet
840 849 951 894 corum
964 830 1075 894 veniat
1089 829 1131 893 ad
1152 830 1359 894 tractandum
1380 829 1422 894 de

285 916 511 980 communibus
531 916 672 1000 negociis
694 916 849 1000 quociens
869 917 1057 1000 premuniti
1077 916 1199 981 fuerint
1220 935 1278 1000 per
1298 937 1423 1000 praepo-

285 1003 393 1066 situm
405 1040 450 1051 —
462 1003 652 1087 Injunctum
663 1007 713 1068 est
724 1003 874 1068 omnibus
888 1003 1076 1068 tenentibus
1086 1003 1174 1068 villae
1182 1004 1270 1086 quod
1280 1003 1423 1067 habeant

286 1109 492 1154 communem
506 1089 691 1175 porcariam
702 1129 746 1139 —
759 1089 954 1154 Ordinatum
972 1094 1078 1154 estex
1100 1089 1264 1154 communi
1286 1110 1423 1154 assensu

285 1175 372 1260 quod
386 1175 525 1260 quilibet
538 1183 653 1241 tenens
667 1177 779 1240 veniet
799 1176 841 1240 ed
863 1178 1023 1242 facturam
1044 1176 1111 1242 feni
1132 1177 1312 1242 communis
1333 1177 1423 1260 prati

284 1283 359 1328 cum
372 1263 583 1348 praemunitus
598 1262 695 1328 fuerit
709 1262 770 1326 snb
781 1283 877 1345 poena
887 1263 1069 1328 emissionis
1080 1263 1180 1347 pertis
1192 1283 1258 1328 suae
1273 1271 1307 1328 et
1318 1264 1422 1328 eciem

284 1350 346 1414 sub
359 1369 456 1432 poena
470 1349 576 1433 gravis
590 1349 824 1414 misericordias.

328 1436 545 1500 Wruuucrou.
590 1436 781 1519 Iujunctum
791 1435 996 1502 estJohenni
1004 1435 1423 1520 filicAndreaedeWiliug-

283 1527 350 1599 ton,
365 1522 388 1586 J
389 1520 511 1586 chunni
524 1521 563 1586 dc
578 1521 766 1606 Hougbtcn,
780 1523 804 1587 J
805 1523 926 1588 ohanni
949 1524 989 1588 de
1004 1523 1184 1607 Houghtcn
1200 1521 1258 1609 [so]
1273 1523 1423 1589 iohanni

285 1606 325 1672 de
349 1609 504 1672 Duneim'
529 1615 563 1673 et
585 1609 749 1674 Willelmo
771 1610 825 1674 del
846 1611 945 1675 Rawe
968 1609 1050 1694 pleg.
1073 1610 1141 1674 suis
1167 1611 1255 1694 quod
1279 1610 1423 1694 reparari

283 1694 344 1760 fac'
365 1716 464 1760 unam
486 1695 618 1760 domum
638 1697 736 1760 unius
758 1697 901 1762 tenentis
923 1717 1020 1781 snper
1041 1703 1188 1762 tenuram
1211 1717 1309 1780 quam
1330 1697 1422 1760 idem

283 1782 450 1848 Jobunnes
472 1782 559 1847 filius
580 1782 760 1847 Alexandri
781 1781 838 1869 [so]
854 1783 941 1868 cepit
961 1783 1046 1848 infra
1068 1804 1190 1848 annum
1211 1785 1344 1848 Domini
1360 1791 1421 1848 eto.

284 1869 356 1932 lxx⁰
370 1869 547 1953 [aecmiuplp
561 1891 606 1934 oo
619 1891 706 1934 error
712 1871 771 1953 scr
784 1871 868 1955 lxv0]
881 1870 959 1954 quis
973 1871 1117 1954 quinque
1134 1871 1213 1934 anni
1227 1877 1305 1936 sunt
1318 1871 1424 1954 elapsi

283 1963 317 2021 et
331 1955 447 2021 habuit
460 1957 493 2039 vj
510 1977 611 2020 annos
626 1956 668 2020 ad
681 1956 866 2022 aedificandi

328 2044 529 2108 Hnwourns.
572 2044 625 2108 De
641 2043 763 2107 Thomu
784 2043 917 2108 Leward
938 2063 996 2126 pro
1018 2043 1171 2128 herbagio
1192 2044 1293 2108 trium
1314 2043 1423 2128 gerdi-

283 2149 399 2192 norum
413 2129 651 2214 pertinencium
666 2130 770 2194 tribus
784 2131 918 2214 octagiis
934 2131 1035 2194 vastis
1046 2132 1082 2194 in
1093 2151 1193 2194 manu
1207 2131 1349 2209 Domini,
1361 2151 1421 2214 pro

284 2214 430 2298 quolibet
454 2215 504 2279 3d.
527 2235 558 2298 p.
581 2235 607 2279 a
629 2217 716 2280 unde
738 2216 895 2282 allocatur
916 2217 947 2281 ei
968 2237 1026 2301 pro
1048 2217 1228 2295 Wodebire,
1253 2219 1323 2282 18d
1368 2219 1422 2282 De

283 2302 396 2366 eodem
422 2300 544 2365 Thoma
568 2321 626 2385 pro
650 2301 802 2386 herbagio
828 2303 1003 2369 eorundem
1027 2305 1225 2388 cotagiorum
1249 2304 1310 2368 hoc
1333 2325 1421 2369 anno

283 2393 399 2472 praeter
414 2387 465 2453 sd.
479 2407 537 2470 pro
552 2387 733 2468 wodehire,
752 2390 801 2454 td

327 2476 477 2540 JAuown
530 2473 720 2557 Injunotum
748 2482 799 2541 est
827 2477 1017 2542 tenentibus
1046 2476 1135 2541 uillae
1164 2477 1250 2562 quod
1278 2477 1422 2543 habeant

283 2581 487 2626 communem
500 2567 662 2645 pastorem
676 2583 734 2645 pro
752 2563 865 2628 bestiis
880 2564 947 2628 suis
963 2564 1096 2628 custod'.
1108 2601 1152 2614 -
1164 2565 1355 2647 Injunctum
1369 2571 1422 2630 est

283 2649 406 2714 eisdem
420 2647 608 2714 tenentibus
629 2649 718 2732 quod
740 2650 851 2715 nullus
867 2656 1013 2716 amoveat
1028 2651 1142 2714 fimum
1156 2651 1196 2716 de
1210 2651 1333 2715 tenuris
1349 2653 1419 2716 suis

282 2736 339 2800 sed
354 2735 440 2820 quod
463 2734 519 2799 ille
539 2735 596 2819 qui
617 2741 708 2800 tenet
721 2741 840 2801 terram
861 2736 994 2802 hebebit
1008 2736 1123 2801 fimum
1143 2743 1239 2822 prout
1253 2739 1421 2804 curatores

283 2821 401 2888 volunt
415 2822 499 2887 illud
514 2822 676 2906 apreoiari

325 2910 577 2974 usu-Rursum.
635 2910 687 2973 De
724 2909 906 2993 Margarete
935 2909 1003 2974 filia
1039 2909 1172 2975 Roberti
1200 2910 1331 2995 Wright
1359 2933 1420 2994 pro

282 2997 455 3074 mercheto,
465 2996 549 3080 pleg'
559 2995 665 3060 Alicia
676 3001 779 3062 mater
793 2997 871 3080 ejus,
888 3003 931 3060 ts.
941 3034 986 3046 —
997 2997 1190 3079 Injunctum
1204 3003 1253 3062 est
1268 2999 1420 3064 omuibus

280 3084 468 3148 tenentibus
483 3083 570 3148 villae
585 3082 674 3166 quod
687 3083 820 3147 veniant
835 3083 876 3147 ad
897 3083 1184 3166 praemunioionem
1205 3086 1372 3169 praepositi
1386 3091 1421 3150 et

282 3171 431 3234 messoris
445 3169 487 3233 od
501 3171 658 3234 tractand'
673 3170 712 3234 de
727 3170 950 3234 communibus
965 3171 1113 3253 negociis.

324 3255 607 3320 wien-Rumon,
650 3257 703 3320 De
724 3257 842 3322 Iuett'a
857 3257 897 3321 de
912 3257 1074 3321 Lambton
1088 3277 1146 3340 pro
1161 3258 1321 3338 mercbet’,
1336 3259 1419 3342 pleg.

281 3341 382 3405 Henr.
398 3341 438 3404 de
460 3341 593 3424 Inmley
609 3362 649 3405 ex
663 3344 736 3425 gm',
753 3343 803 3407 ed.
816 3382 858 3392 -
871 3344 1078 3426 Oompertum
1101 3350 1151 3408 est
1172 3365 1229 3428 per
1245 3345 1316 3410 Jur'
1331 3346 1420 3428 quod

280 3427 415 3490 aedificis
436 3427 616 3492 tenementi
635 3428 659 3492 J
660 3428 797 3492 ohannis
819 3429 981 3494 Thomson
1002 3429 1235 3495 deteriorantur
1250 3433 1287 3494 in
1304 3437 1420 3496 tenura

280 3514 304 3578 J
306 3511 442 3577 ohannis
457 3512 569 3577 Reven
584 3520 618 3578 et
632 3514 750 3578 Isoldae
763 3517 873 3580 uxoris
889 3517 958 3599 ejus
980 3517 1022 3579 ad
1036 3517 1218 3582 valenciam
1234 3524 1300 3583 40s.
1316 3518 1421 3582 under

279 3601 366 3665 idem
388 3600 554 3665 Johannes
575 3600 687 3666 Raven
709 3609 742 3665 et
767 3607 953 3668 executores
974 3604 1136 3686 praedictae
1158 3605 1275 3669 Isoidce
1296 3605 1421 3670 sufficet

279 3689 441 3753 Hemicus
460 3688 626 3752 Dioouson
647 3694 681 3752 et
702 3688 861 3753 Robertus
883 3689 923 3754 de
946 3690 1147 3774 Golyngham
1169 3692 1418 3775 respondebunt

278 3777 471 3840 —Thomas
486 3775 675 3858 Perkynson
697 3776 783 3859 cepit
805 3797 907 3840 unum
926 3777 1122 3860 bondagium
1143 3777 1230 3861 quod
1251 3779 1275 3843 J
1276 3778 1419 3843 ohannes

280 3863 441 3928 Thomson
456 3863 546 3946 prius
561 3863 667 3927 tenuit
682 3868 714 3927 et
729 3862 853 3928 dimisit
867 3868 997 3946 propter
1011 3864 1258 3947 impotenciam;
1280 3865 1418 3929 habend'

279 3955 313 4012 et
335 3950 464 4013 tenend’
490 3970 657 4034 quousque
687 3949 805 4033 aliquis
830 3950 956 4014 venerit
981 3950 1039 4032 qui
1067 3950 1151 4015 iliud
1180 3951 1222 4015 ad
1250 3951 1420 4035 antiquam

279 4037 404 4098 firmem
425 4041 536 4100 tenere
556 4037 713 4102 voluerit:
735 4037 820 4101 redd.
842 4057 874 4120 p.
890 4055 916 4101 a
933 4037 1089 4101 scaccario
1107 4042 1172 4101 30s.
1195 4043 1228 4102 et
1250 4045 1420 4122 argentum

279 4120 422 4184 terrarii:
443 4121 541 4204 iucip'
564 4122 686 4187 solvere
708 4123 749 4186 ad
770 4123 891 4188 festum
913 4123 1004 4188 Pent’
1022 4143 1107 4187 auno
1129 4124 1263 4188 Domini
1285 4131 1344 4189 ete.
1359 4125 1420 4188 lxx

281 4206 349 4289 [so].
393 4206 437 4270 Et
450 4207 578 4271 invenit
594 4209 649 4291 viij
667 4229 755 4273 acras
771 4215 804 4274 et
819 4209 860 4274 di.
876 4209 961 4274 binae
975 4229 1094 4274 arrurae
1108 4231 1189 4293 quas
1204 4211 1250 4276 sic
1265 4210 1418 4276 dimittet.

281 4293 367 4377 Pleg.
382 4329 396 4341 ·
411 4292 483 4355 -Et
498 4293 585 4376 cepit
598 4294 639 4357 ad
654 4295 915 4362 emendacionem
930 4296 1138 4361 aedificiorum
1154 4303 1218 4362 40s.
1265 4297 1421 4362 Gres'm'a

282 4381 355 4445 sod.
366 4380 470 4443 -De
484 4380 636 4445 iohanne
650 4380 762 4446 Raven
775 4403 833 4467 pro
848 4383 883 4467 iij
901 4383 983 4448 aeris
997 4390 1091 4449 terrae
1105 4383 1225 4448 fimetis
1237 4405 1296 4470 per
1309 4385 1420 4470 ipsum

280 4467 446 4532 seminatis
476 4466 516 4532 de
545 4473 631 4532 terra
658 4488 763 4553 nuper
790 4469 952 4534 «iohannis
981 4471 1145 4536 Thomson
1168 4472 1260 4554 cujus
1290 4471 1418 4536 fimacio

281 4557 422 4641 pertinet
436 4555 478 4619 cd
492 4555 671 4619 Dominum
687 4561 730 4620 ds.
748 4555 1058 4639 sd.-1njunctum
1072 4563 1121 4623 est
1136 4558 1286 4622 omnibus
1303 4563 1419 4622 tenen-

280 4644 369 4708 tibus
383 4641 472 4709 villae
487 4643 574 4728 quod
589 4642 728 4708 habeant
739 4663 943 4710 communem
953 4645 1138 4712 bercariam
1150 4683 1195 4694 —
1205 4645 1257 4710 Dc
1267 4646 1291 4710 J
1292 4643 1420 4710 ohanne
