3056 5222
63 571 169 630 1296.
343 583 952 636 ummorlrmonlrusnunmumms.
1198 573 1216 632 9

59 739 299 822 Wynelisdon
318 745 408 806 tenet
426 748 520 827 capta
542 751 591 808 est
614 743 682 830 [sio]
705 745 741 807 in
762 744 847 808 man’
862 744 1005 822 Domini,
1027 745 1104 808 Post
1119 743 1217 808 venit.

59 864 108 874 —-
120 827 300 892 Walterus
316 829 438 894 Gartou
454 830 556 894 Sibill'
573 831 641 914 [sio]
662 832 748 914 cepit
771 831 841 914 [sio]
857 853 887 896 v.
910 852 997 896 acras
1019 837 1111 896 terrae
1131 832 1167 894 in
1186 831 1217 896 lo

63 913 231 978 Cotmore
248 935 327 997 quas
342 916 527 981 Willelmus
541 918 643 981 Faber
658 918 784 997 tenuit;
808 918 893 982 redd.
908 938 965 1001 pro
980 918 1123 1002 qualibet
1145 937 1218 981 aera

66 999 153 1075 rod„
171 1007 209 1064 et
227 1001 332 1066 solvet
346 1003 483 1086 primam
497 1004 621 1068 firmam
644 1005 684 1068 ad
707 1005 825 1068 festum
842 1005 872 1068 S.
889 1005 1020 1068 Martini
1034 1025 1127 1080 anno,
1149 1009 1218 1080 etc,

63 1087 288 1170 nonagesimo
317 1091 462 1172 septime,
495 1110 592 1172 quam
621 1099 739 1155 terram
768 1091 855 1174 cepit
882 1091 923 1154 ad
955 1097 1045 1155 term.
1075 1092 1160 1154 vitro.
1173 1123 1217 1136 —
1284 1139 1287 1146 .

65 1174 89 1237 J
91 1173 248 1238 ohannes
271 1175 311 1238 de
332 1176 396 1260 Ely
418 1183 451 1241 et
472 1177 656 1242 Willelmus
678 1178 781 1241 Faber
802 1182 955 1260 ceperunt
969 1177 1010 1240 ad
1032 1183 1122 1241 tenu.
1139 1177 1216 1240 vitae

67 1279 127 1322 sex
154 1280 253 1324 acras
279 1267 371 1326 terrae
399 1263 436 1326 in
464 1263 495 1328 la
522 1263 669 1328 Cotmore
696 1284 776 1346 quas
802 1264 965 1328 Walterus
991 1263 1078 1327 filius
1107 1264 1218 1332 Penne

68 1347 181 1409 tenuit
191 1371 201 1426 ;
224 1348 313 1412 redd.
335 1349 473 1432 primam
487 1351 613 1414 firmam
628 1351 669 1414 ad
683 1351 803 1414 festum
824 1350 855 1414 S.
878 1350 1013 1414 Martini
1028 1369 1123 1425 anne,
1148 1354 1217 1426 ete,

70 1434 289 1516 nonagesimo
303 1437 448 1518 septime,
464 1442 497 1500 et
511 1436 614 1501 solvet
634 1457 692 1520 pro
707 1437 851 1521 qualibet
872 1457 944 1500 acra
961 1437 1031 1500 10d.
1043 1435 1216 1500 -Nicho

71 1517 144 1582 laus
167 1520 262 1584 filius
286 1521 442 1606 Stephani
464 1523 549 1606 cepit
571 1523 612 1587 ad
634 1530 724 1588 term.
739 1524 815 1586 vitae
829 1543 895 1587 suaa
914 1523 993 1588 duas
1015 1542 1103 1588 acras
1118 1529 1151 1588 et
1173 1523 1216 1586 di’

71 1605 107 1667 in
121 1605 154 1668 le
172 1607 327 1672 Ootmore
336 1632 345 1688 ;
370 1609 456 1674 redd.
472 1630 529 1693 pro
544 1611 688 1693 qualibet
703 1630 776 1674 aera
793 1609 863 1674 15d.
1014 1657 1017 1664 .

116 1692 329 1760 Marmor.
376 1695 561 1761 Willelmus
586 1697 673 1761 filius
698 1697 772 1762 Joh.
799 1697 884 1779 cepit
908 1694 1104 1779 bondagium
1129 1693 1214 1778 quod

73 1783 168 1860 pater
182 1800 266 1844 suus
290 1781 403 1859 tenuit,
419 1784 621 1861 seminatum,
637 1804 711 1846 cum
725 1803 791 1846 uno
813 1803 895 1865 equo
918 1788 950 1846 et
972 1783 1097 1845 duobus
1113 1782 1215 1845 bobus

77 1871 110 1928 ct
124 1866 219 1930 dabit
235 1867 278 1931 ad
292 1869 424 1951 g’smam
440 1869 503 1932 duo
517 1890 648 1946 marcas,
659 1869 819 1945 videlicet,
831 1869 872 1932 ad
887 1870 978 1933 Pent.
994 1887 1079 1932 anno
1093 1867 1216 1950 graciae,

77 1958 145 2028 etc,
159 1955 370 2038 nonagesimo
392 1957 529 2039 septimo
550 1977 650 2020 unam
671 1976 819 2032 marcam,
834 1955 924 2019 etad
943 1955 1062 2018 festum
1081 1953 1111 2018 S.
1128 1953 1216 2016 Mar-

77 2037 141 2101 tini
165 2060 259 2123 prox.
286 2061 422 2124 sequens
451 2063 551 2106 unam
575 2063 724 2119 marcam,
751 2048 784 2106 et
813 2040 1007 2106 sustentabit
1033 2045 1157 2123 patrem
1183 2045 1216 2104 et

79 2132 215 2190 matrem
230 2128 405 2192 honorifice
419 2148 476 2212 pro
491 2149 583 2211 posse
598 2149 665 2193 suo.

121 2212 376 2278 Hurfluwoarrr.
421 2215 520 2278 Isold'
545 2215 657 2279 relicta
685 2213 837 2279 Nieholai
866 2213 1058 2278 Braciatoris
1087 2213 1215 2278 invenit

81 2296 155 2380 iiij⁰r
165 2301 327 2382 juratores
345 2300 465 2384 plegios
481 2322 556 2366 suos
578 2301 761 2366 sustinendi
783 2308 900 2366 terram
922 2320 1015 2364 suam
1030 2307 1063 2363 et
1078 2300 1216 2364 faciendi

81 2383 221 2450 Domino
238 2387 343 2450 Priori
357 2389 387 2471 q’
403 2389 505 2452 facere
525 2388 627 2453 debet.
639 2426 683 2434 -
694 2387 939 2452 Consideratum
955 2393 1004 2450 est
1018 2387 1106 2469 quod
1120 2386 1215 2449 Will-

83 2469 183 2536 elmus
205 2473 247 2538 de
270 2474 388 2537 Hilton
409 2481 574 2560 recuperet
595 2475 635 2538 de
658 2475 797 2538 Roberto
812 2473 996 2557 Wyteb'ine
1013 2479 1067 2550 4s.,
1082 2478 1123 2549 et,
1138 2473 1215 2556 quia

83 2555 232 2637 detinuit,
247 2560 284 2638 in
299 2560 522 2636 misericordia,
540 2561 588 2625 6d.

125 2644 232 2710 ὅθεν.
278 2646 410 2710 Beatrix
427 2647 568 2724 Textrix,
583 2667 639 2730 pro
659 2646 737 2730 leyr,
751 2646 787 2710 in
802 2645 1026 2722 misericordia,
1043 2646 1109 2710 6d.:
1132 2645 1214 2728 pleg.

86 2728 203 2813 Rogero
221 2733 382 2798 Barthaw.
393 2771 437 2780 -
449 2734 530 2798 Octo
552 2733 698 2803 homines
713 2733 753 2797 de
767 2733 790 2797 J
791 2753 856 2796 arw
870 2733 946 2815 quia
968 2731 1215 2816 supersederunt

86 2814 183 2882 iacere
198 2821 373 2902 coriagium
388 2820 424 2883 in
438 2826 660 2905 contemptum
675 2819 809 2883 Domini
825 2819 952 2883 Prioris.

127 2903 319 2970 Wrmsurrn.
364 2906 458 2970 Terra
481 2907 614 2972 Henrici
636 2907 718 2970 Yole
740 2906 780 2970 de
802 2905 970 2970 Walisend
992 2910 1087 2987 capta
1109 2908 1156 2968 θεῖ
1178 2903 1215 2966 in

88 2991 166 3052 man'
180 2992 318 3056 Domini
331 2999 461 3076 propter
474 2995 543 3076 ejus
558 2992 794 3077 impotenoiam.

129 3075 388 3144 Wruunrncron.
433 3080 622 3163 Radulphus
646 3080 686 3144 de
708 3078 858 3161 Pitingd’,
873 3077 950 3159 quia
972 3075 1076 3140 aravit
1097 3082 1215 3140 terram

90 3158 182 3226 Alani
196 3165 236 3230 de
252 3166 416 3230 Heberine
431 3167 501 3230 sine
514 3166 659 3242 licencia,
677 3166 713 3228 in
733 3163 958 3239 misericordia,
982 3163 1031 3227 od.
1075 3164 1119 3226 Et
1140 3183 1215 3226 con·

93 3246 259 3315 sideratum
281 3257 331 3315 θεῖ
356 3253 444 3335 quod
469 3253 575 3317 dictus
598 3251 790 3336 Radulphus
812 3257 978 3334 recuperet
999 3250 1039 3314 de
1061 3249 1215 3334 praedicto

91 3330 188 3399 Aiane
202 3343 353 3422 sumptus
368 3359 448 3422 quos
462 3339 579 3422 posuit.

130 3419 309 3490 Hrworrru.
352 3425 415 3488 Ad’
439 3425 478 3490 de
502 3425 657 3490 Heworth
681 3423 807 3488 invenit
831 3423 994 3488 Simonem
1017 3423 1057 3486 de
1079 3422 1216 3499 Acokes,

93 3502 291 3592 Radulphum
307 3513 461 3589 sutorem,
477 3517 510 3576 et
528 3511 710 3576 Galfridum
724 3511 857 3592 Danays
878 3510 959 3593 pleg.
975 3529 1049 3573 suos
1064 3509 1216 3573 veniendi

95 3594 172 3672 apud
180 3596 313 3661 Dunlm’
323 3598 376 3661 die
387 3598 503 3662 Martis
511 3619 601 3681 prox,
611 3604 684 3682 post
694 3598 812 3661 festum
824 3597 854 3660 S.
865 3595 1215 3660 OutbbertiinMarcio

95 3677 131 3740 ad
140 3680 270 3748 faciend.
281 3684 482 3749 voluntatem
497 3684 631 3748 Domini
646 3684 764 3748 Prioris
779 3689 812 3746 θῖ
826 3683 934 3747 omnia
948 3682 1012 3745 alia
1026 3702 1098 3764 quae
1112 3681 1215 3745 facere
1282 3710 1285 3716 ·

97 3761 494 3835 debet-Incrementum
518 3777 561 3835 3s.
587 3771 752 3836 Gilbertus
774 3769 860 3833 filius
883 3767 1022 3832 Galfridi
1044 3767 1130 3849 cepit
1152 3766 1215 3829 duo

98 3855 208 3936 cotagia
221 3865 254 3921 et
270 3857 348 3920 duas
363 3877 451 3921 acras
466 3863 567 3933 terrae,
577 3857 663 3922 redd.
675 3878 705 3941 p.
718 3877 745 3920 a.
755 3877 812 3939 pro
827 3855 976 3920 omnibus
993 3859 1046 3929 aa,
1058 3873 1130 3936 quae
1145 3852 1215 3916 red·

98 3933 162 4001 dere
183 3943 304 4008 solebat
327 3944 397 4027 [sic]
425 3951 467 4008 2ε.
495 3949 527 4008 θῖ
550 3944 958 4026 opera-Incrementum
985 3939 1055 4004 lad.
1108 3938 1216 4003 Alicia

100 4038 170 4087 uxor
193 4029 325 4094 Patricii
353 4031 439 4114 cepit
467 4051 570 4094 unum
599 4031 718 4093 toltum
748 4035 781 4092 et
804 4028 846 4092 di.
872 4047 978 4091 acram
1003 4031 1103 4102 terrae,
1128 4026 1214 4090 redd.

99 4123 125 4184 P·
145 4130 168 4174 a.
188 4135 243 4196 pro
270 4117 420 4181 omnibus
448 4123 547 4182 2s.-
562 4117 801 4180 incrementum
830 4121 872 4178 2s.
916 4112 1102 4178 Willelmus
1128 4113 1215 4176 filius

102 4189 224 4266 Simonis
240 4204 325 4286 oepit
340 4203 404 4267 duo
419 4204 542 4288 octagia
557 4203 673 4286 [unum
688 4202 848 4285 cotagium
862 4201 966 4264 struck
979 4201 1045 4284 oct]
1061 4205 1094 4263 θῖ
1115 4220 1215 4263 unam

101 4295 193 4348 acram
211 4294 311 4366 terrae,
325 4290 485 4354 reddendo
507 4310 564 4374 pro
587 4290 736 4353 omnibus
760 4286 936 4352 la-Hic
959 4307 1025 4351 non
1046 4292 1095 4350 est
1112 4285 1215 4350 incre·

102 4375 237 4440 mentum.
282 4377 441 4441 Robertus
457 4377 623 4440 Bercarius
639 4376 724 4459 cepit
738 4395 841 4438 unum
855 4373 1023 4457 cotagium,
1038 4372 1125 4436 redd.
1140 4393 1171 4454 p.
1187 4391 1214 4434 a.

105 4450 146 4524 8d·
179 4458 209 4522 N
210 4482 249 4525 on
261 4468 309 4527 est
323 4465 567 4527 incrementum.
578 4498 622 4508 -
634 4461 878 4526 Consideratum
893 4465 942 4522 est
957 4459 1042 4542 quod
1057 4457 1214 4522 Robe1tus

103 4533 177 4606 filius
196 4546 328 4614 Walteri
353 4555 517 4633 recuperet
541 4550 580 4615 de
600 4547 771 4632 Radulpho
794 4547 916 4624 Sutore,
938 4547 1060 4632 Rogero
1082 4543 1161 4620 Col,
1182 4547 1215 4605 et
