3224 5212
319 556 380 617 178
585 567 744 616 nemore
758 567 942 616 Pmonlrus
957 567 1198 616 nummula.
1367 555 1467 615 1383.

315 725 454 808 quilibet
462 745 519 808 pro
529 733 620 806 parte
629 746 697 802 aua,
707 726 793 790 inira
801 746 954 802 mensem,
964 725 1126 810 eubpoena
1135 725 1170 791 di
1179 745 1304 802 mareae,
1314 724 1463 790 solvend

315 811 510 876 ete-Will.
527 813 615 896 Egge
630 815 681 896 ej
698 819 763 878 ten.
779 833 854 877 eum
870 813 972 897 lorgia
987 815 1022 877 in
1045 813 1112 877 elta
1134 819 1236 878 atrata
1257 813 1298 876 de
1321 813 1464 876 Fatmer.

310 899 408 982 juxte
429 899 554 965 thorale
570 901 663 964 leur.
680 901 831 979 Hunter;
852 900 988 966 haband.
1005 900 1046 964 ad
1062 907 1153 964 term.
1169 899 1247 962 vitae
1263 920 1349 978 suae3
1369 898 1464 962 redd.

313 1006 345 1069 p.
361 1007 388 1051 a.
406 1007 459 1052 va.
504 987 547 1052 Et
572 987 601 1052 ei
626 988 793 1072 eontingat
819 987 906 1071 quod
932 1007 1017 1051 unua
1044 995 1108 1052 ten.
1135 987 1261 1051 venerit
1282 987 1340 1070 qui
1361 986 1465 1069 praed.

316 1073 451 1157 forgiam
466 1094 579 1157 capere
594 1074 735 1138 voluerit
749 1083 781 1138 et
797 1075 948 1151 tennerit,
963 1074 1059 1158 praed.
1075 1075 1118 1137 W
1119 1074 1164 1138 ill
1180 1094 1247 1137 non
1262 1073 1367 1138 solvet
1380 1094 1413 1157 p.
1431 1093 1463 1136 a.

316 1161 381 1225 nisi
395 1161 443 1243 iiij
456 1182 480 1226 s.
497 1162 554 1246 [θα
571 1166 663 1225 1382.
680 1161 768 1246 ΙΙΙ.].

362 1339 454 1399 1383.
472 1334 666 1418 IL-Apud
681 1333 780 1399 Hebn
794 1334 847 1398 die
870 1335 987 1398 Martie
1002 1355 1090 1418 prox.
1107 1340 1183 1398 ante
1206 1333 1276 1398 fest
1301 1334 1330 1398 S.
1348 1333 1465 1397 Woul-

315 1421 400 1496 iridi,
416 1442 523 1486 coram
539 1423 621 1486 dom.
638 1423 761 1486 Thoma
775 1421 816 1485 de
832 1421 975 1506 Corbrig,
990 1421 1084 1498 bura,
1099 1421 1223 1485 Thema
1244 1420 1285 1484 de
1309 1421 1463 1497 Claxton,

316 1508 501 1585 aeneseallo,
515 1509 539 1572 J
541 1509 590 1573 oh.
607 1509 647 1573 de
662 1509 760 1573 Elvet
774 1515 808 1572 et
822 1508 903 1572 aliis.

359 1595 605 1660 Wnttnsnrnn.
663 1596 855 1678 Injunetum
889 1600 939 1659 eet
967 1596 1118 1660 omnibus
1148 1601 1212 1658 ten.
1243 1595 1339 1670 villae,
1370 1595 1463 1677 quod

316 1683 455 1766 quilibet
476 1704 588 1748 eornm
610 1683 710 1747 errari
725 1682 845 1746 faciant
860 1689 917 1746 ter.
934 1702 1028 1746 auam
1050 1683 1130 1746 eitra
1152 1683 1224 1746 leat.
1240 1681 1380 1757 Pasehae,
1396 1682 1463 1746 sub

315 1789 412 1852 poena
449 1770 484 1834 xl
504 1770 533 1835 d.
571 1768 714 1834 solvend.
745 1770 901 1834 ete-De
937 1768 1028 1833 Will.
1066 1769 1254 1852 Schephird,
1292 1770 1463 1832 communi

315 1857 466 1934 bereario,
488 1859 567 1941 quia
595 1858 706 1940 posuit
727 1856 875 1922 bidentes
897 1856 933 1920 in
954 1857 986 1920 le
1008 1854 1168 1920 Frithfeld
1193 1861 1305 1920 cont-ra
1326 1876 1462 1939 poenam

316 1947 464 2028 positam,
480 1946 521 2009 de
535 1945 618 2021 m’ia,
634 1945 679 2027 xij
695 1944 723 2007 d.

360 2031 562 2096 Hrwoxrna.
608 2032 817 2115 Compertum
847 2040 898 2095 est
923 2051 982 2114 per
1006 2031 1069 2113 jur.
1100 2030 1187 2114 quod
1217 2029 1376 2113 Magister
1405 2030 1463 2094 del

315 2117 535 2202 Westspittell
560 2124 610 2183 est
636 2118 817 2182 eommunis
846 2125 981 2181 venator
1010 2137 1085 2181 cum
1115 2116 1246 2180 famulis
1277 2117 1343 2180 suia
1373 2116 1465 2180 infra

315 2224 501 2269 warennam
523 2205 605 2268 dom.
630 2205 759 2280 Priorie,
774 2211 807 2269 et
829 2204 906 2269 ibid
929 2204 1053 2288 lepores
1079 2204 1357 2288 ceperunt-De
1379 2204 1461 2268 Joh.

315 2291 463 2374 Meysen,
490 2291 567 2354 Rob.
594 2291 635 2355 de
662 2291 835 2375 Sebepton
860 2298 894 2356 et
919 2291 995 2356 Jon
1019 2292 1157 2355 Tomson
1181 2291 1220 2354 de
1243 2290 1376 2366 Oledon,
1399 2311 1464 2374 pro
1594 2345 1595 2354 ,

314 2377 430 2442 bruera
445 2383 548 2460 eapte,
561 2377 700 2460 quilibet
714 2399 825 2442 eorum
837 2379 850 2460 j
868 2385 993 2443 carente
1007 2377 1041 2441 in
1057 2379 1089 2442 le
1104 2379 1209 2453 Leme,
1222 2377 1294 2442 eine
1308 2378 1359 2442 lie.
1372 2377 1462 2442 dom.
1594 2375 1595 2398 *

314 2464 356 2528 ad
371 2485 468 2546 grave
483 2466 588 2546 damp.
605 2465 699 2542 dom,
713 2464 794 2538 xla,
809 2465 1010 2530 condonatur
1024 2485 1082 2548 per
1096 2466 1248 2529 Priorem.

357 2552 381 2615 J
382 2567 488 2617 aaow,
534 2553 633 2616 Mem.
649 2553 736 2637 quod
752 2553 890 2616 Thomas
913 2553 1051 2636 Trewyk
1073 2559 1203 2616 tenetur
1225 2551 1348 2616 solvere
1372 2551 1423 2635 iiij
1435 2571 1461 2616 a.

314 2639 389 2722 vjd.
417 2659 476 2722 pro
501 2638 604 2702 libera
629 2647 685 2704 ter.
712 2660 811 2722 quam
833 2639 942 2704 tenuit
963 2639 999 2703 in
1021 2640 1131 2704 Jamw
1146 2639 1187 2702 ed
1208 2639 1279 2703 fest
1303 2638 1334 2702 S.
1350 2638 1463 2702 Marci

314 2747 404 2810 prox.
421 2728 479 2790 sut.
495 2734 612 2809 praeter
625 2726 760 2790 liberam
775 2727 908 2791 firmam.

358 2813 537 2877 Snrflwrx.
582 2813 656 2878 Joh.
672 2812 713 2877 de
728 2812 942 2878 Hetheworth
956 2813 1009 2896 ej
1026 2812 1166 2896 planiam
1181 2811 1369 2894 adjunctam
1391 2817 1461 2876 ten.
1593 2801 1594 2820 ¹

314 2920 381 2975 suo,
400 2901 440 2964 de
466 2907 559 2964 vasto
582 2899 675 2976 dom,
691 2907 724 2964 et
750 2900 792 2963 di.
814 2921 896 2964 aerae
911 2901 1075 2984 usurpatis
1093 2900 1162 2984 [sir]
1178 2899 1265 2983 apud
1291 2899 1322 2962 le
1345 2899 1461 2982 Hepea

313 2992 410 3071 prout
425 2993 517 3072 pater
532 3007 610 3050 suus
625 2988 718 3069 cepit.

356 3075 564 3138 vansrow.
610 3074 718 3138 Alieia
739 3074 853 3137 relicte
868 3074 956 3138 Will.
971 3074 1152 3156 Maymond
1168 3093 1192 3137 e.
1209 3073 1245 3137 in
1268 3094 1332 3137 eur.
1352 3073 1366 3155 j
1391 3080 1459 3136 ten.

312 3167 346 3225 et
370 3162 416 3244 xij
444 3181 489 3225 ae.
506 3167 563 3225 ter.
589 3161 624 3224 in
649 3182 713 3244 quo
728 3160 818 3224 Will.
834 3161 930 3243 praed.
946 3162 1047 3224 traxit
1062 3181 1204 3239 moram3
1218 3160 1290 3224 hab.
1306 3159 1348 3223 ad
1363 3167 1459 3224 term.
1592 3210 1593 3233 ,

312 3249 388 3312 vitae
403 3269 487 3324 suae3
509 3247 595 3311 redd.
612 3283 625 3298 ·
640 3285 654 3294 -
671 3253 767 3330 prout
778 3247 873 3330 praed.
885 3248 977 3312 Will.
989 3248 1080 3331 priua
1095 3246 1237 3310 reddidit
1251 3285 1265 3295 -
1280 3285 1294 3296 -
1310 3246 1459 3311 Gres’ma

313 3355 392 3398 xxs.
439 3335 541 3419 [Titan
549 3335 673 3416 follows
693 3335 756 3398 rtis
770 3334 956 3419 inreritum]
1001 3334 1176 3418 Imprimia
1192 3355 1278 3398 unus
1300 3333 1459 3417 pullanus

312 3421 474 3485 masculus
490 3421 565 3504 iiij⁰r
581 3442 746 3497 annorum,
759 3442 840 3504 pren.
858 3443 880 3484 x
892 3442 925 3496 a,
940 3421 962 3504 ij
979 3421 1076 3485 boves
1092 3441 1173 3504 pree.
1191 3421 1293 3504 xxviij
1307 3421 1366 3503 a.,j
1383 3421 1457 3484 bov.

312 3529 394 3592 pree.
412 3508 456 3590 xij
471 3529 503 3580 s..
520 3509 541 3591 ij
560 3528 666 3572 vaceae
680 3528 763 3591 pree.
776 3509 833 3591 xiij
851 3529 874 3572 s.
887 3507 944 3590 viij
958 3509 996 3582 d,
1011 3529 1032 3571 v
1044 3517 1147 3592 quart
1167 3509 1260 3571 frum.
1277 3529 1335 3591 per
1350 3519 1457 3591 quart.

312 3615 394 3678 pree.
418 3594 453 3658 vi
462 3615 485 3660 s.
508 3595 566 3677 viij
580 3595 619 3671 d,
634 3595 681 3677 iiij
700 3601 804 3678 quart.
820 3596 859 3659 de
875 3595 941 3658 ord.
959 3601 992 3659 et
1006 3595 1198 3669 blandkorn,
1220 3595 1256 3678 iij
1274 3603 1378 3678 quart.
1394 3596 1457 3677 pis,

312 3684 347 3746 in
369 3682 477 3766 garbis
500 3702 558 3765 per
580 3681 823 3746 estinraeionem
845 3679 1085 3768 [blank]-Joh.
1103 3682 1139 3745 fil
1157 3682 1232 3747 Joh.
1249 3682 1349 3766 Legat
1363 3702 1390 3746 e.
1406 3683 1455 3765 xij
1591 3693 1592 3702 ’

311 3791 357 3834 ae.
381 3779 436 3834 ter.
453 3768 511 3833 ult.
540 3769 575 3832 in
598 3775 662 3832 ten.
684 3768 773 3833 Will.
794 3769 974 3852 Maymond
996 3769 1161 3851 quondam
1183 3769 1218 3831 in
1241 3776 1304 3832 ten.
1330 3768 1457 3853 [blank]

310 3857 383 3920 hab.
400 3858 440 3921 ad
462 3863 554 3922 term.
570 3856 647 3920 vitae
670 3876 745 3932 auae,
768 3855 854 3920 redd.
870 3876 899 3938 p.
924 3876 951 3922 a.
974 3856 1044 3938 xiiij
1051 3875 1082 3944 ¹s.
1098 3855 1186 3938 quod
1205 3857 1296 3939 prius
1311 3855 1458 3920 reddidit

312 3964 377 4024 xvq
390 3965 413 4007 a.
573 3989 576 3994 -

354 4030 536 4094 Monxron
579 4030 654 4100 Joh.
670 4028 725 4094 del
747 4029 886 4093 Kitehin
910 4037 944 4094 et
966 4030 1056 4094 Will
1073 4031 1172 4094 frater
1195 4049 1274 4093 auus
1296 4050 1326 4094 ν.
1350 4036 1384 4095 et
1399 4032 1455 4113 ej

309 4123 373 4180 ten.
390 4123 424 4179 et
439 4138 484 4179 xx
499 4137 542 4180 ae.
560 4124 617 4180 ter.
634 4124 668 4180 et
678 4117 692 4198 j
710 4117 804 4180 bond.
828 4116 886 4180 ult
910 4116 945 4179 in
967 4123 1082 4181 tenura
1104 4117 1236 4180 Thomae
1258 4115 1298 4180 de
1321 4117 1456 4180 Butter-

311 4203 404 4286 wyk3
418 4202 554 4267 habend.
571 4203 612 4266 ad
627 4202 752 4267 volunt.
767 4204 859 4279 dom,
874 4203 962 4267 redd.
977 4223 1035 4286 pro
1055 4209 1120 4268 ten.
1136 4211 1169 4268 et
1183 4225 1229 4266 xx
1241 4224 1267 4267 a
1283 4209 1340 4267 ter.
1356 4203 1414 4286 viij
1430 4225 1455 4268 a

309 4289 357 4372 iiij
371 4290 400 4353 d.
417 4297 449 4353 et
464 4310 522 4374 pro
537 4289 631 4353 band.
649 4290 718 4373 xiiij
732 4311 755 4354 s.
779 4290 865 4374 quod
886 4289 976 4375 prius
999 4289 1139 4354 reddidit
1162 4311 1207 4354 xx
1219 4311 1243 4356 s.
1288 4291 1331 4354 Et
1353 4291 1456 4355 habe

309 4377 393 4440 bunt
407 4397 466 4459 pro
480 4377 685 4459 reparaeione
700 4384 762 4442 ten.
779 4397 891 4452 xxxa,
908 4396 989 4460 quos
1004 4376 1184 4462 percipient
1199 4378 1238 4442 de
1254 4377 1337 4441 dom.
1361 4377 1455 4443 Will.

308 4463 349 4528 de
376 4462 584 4548 Billyngbam
610 4471 643 4528 et
670 4464 852 4548 Margareta
874 4465 914 4528 de
936 4463 1080 4547 Lomlay,
1105 4463 1183 4548 quia
1208 4464 1342 4528 fuerunt
1367 4464 1453 4548 plag.

308 4551 403 4632 praed
420 4551 557 4614 Thomae.
