3110 5220
274 585 313 642 26
530 594 686 642 mmmm
702 593 884 642 PRIORATUS
899 595 1140 644 nummiimsm.
1193 597 1199 611 ·
1217 585 1412 647 1359-1360.

318 752 529 836 [HEWORTH]
573 751 680 816 Alieia
702 772 774 835 quae
797 752 862 815 fuit
887 773 969 816 uxor
989 753 1148 817 Willelmi
1171 755 1298 838 Urygth
1320 757 1413 819 venit

272 840 326 904 hie
341 841 377 902 in
391 839 479 903 curia
494 846 527 903 et
541 840 626 921 cepit
640 859 742 901 unum
758 839 878 901 toftum
893 845 926 902 et
940 841 1031 922 xxxij
1045 859 1133 903 aeras
1145 845 1236 904 terrae
1247 843 1413 924 quondam

272 928 308 990 in
330 933 444 990 tenura
466 925 626 990 Johannis
649 924 772 987 Tikhiil
802 930 834 988 et
860 945 932 1009 quae
957 926 1091 990 fuerunt
1114 926 1251 990 Walteri
1281 928 1413 1011 Urygth

273 1013 436 1096 quondam
465 1013 528 1075 viri
557 1012 626 1074 sui:
655 1011 790 1075 habend.
824 1017 857 1075 et
885 1014 1012 1076 tenend.
1035 1014 1076 1075 ad
1105 1020 1194 1076 term.
1223 1014 1299 1077 vitae
1325 1035 1413 1078 suae:

272 1100 358 1164 redd.
374 1119 432 1182 per
441 1099 476 1181 iij
493 1098 612 1181 primos
628 1117 728 1160 annos
737 1105 833 1181 prout
842 1098 928 1162 idem
941 1099 1103 1162 Walterus
1115 1100 1204 1182 prius
1215 1100 1356 1163 reddidit
1379 1107 1413 1164 et

272 1193 385 1270 postea
400 1187 567 1268 antiquam
582 1184 707 1247 firmam
722 1184 846 1248 seilicet
870 1190 935 1249 25s.
952 1186 1104 1250 videlicet
1119 1186 1158 1248 ad
1181 1187 1301 1250 festum
1323 1188 1413 1250 Mar-

273 1273 337 1336 tini
351 1289 414 1336 AJ).
430 1276 488 1335 ete.
504 1271 583 1354 lxj02
606 1278 638 1336 et
653 1270 800 1334 faciendo
823 1270 911 1354 [ete]
958 1273 1001 1334 Et
1015 1273 1072 1336 dat
1093 1292 1150 1355 pro
1171 1273 1280 1356 g's'ma
1297 1279 1340 1337 ts,
1360 1274 1411 1338 8d.

273 1359 359 1422 unde
382 1359 485 1422 solvet
512 1357 847 1440 [ete.]-Bertramus
871 1357 999 1442 Urygth
1020 1359 1112 1422 venit
1133 1359 1186 1422 hie
1208 1359 1244 1422 in
1267 1360 1354 1423 curia
1378 1367 1412 1423 et

274 1447 360 1529 cepit
382 1465 484 1507 unum
506 1444 626 1506 toftum
649 1451 682 1507 et
703 1444 794 1526 xxxij
819 1464 907 1507 aeres
929 1449 1021 1508 ter'rae
1036 1465 1107 1528 quae
1130 1446 1260 1509 fuerunt
1275 1446 1413 1509 Walteri

275 1531 404 1615 Urygth
426 1538 459 1594 et
481 1530 644 1614 quondam
666 1530 701 1592 in
724 1536 837 1594 tenura
852 1531 1012 1594 Willelmi
1027 1532 1065 1596 de
1089 1581 1096 1595 .
1119 1580 1126 1595 .
1150 1582 1156 1594 .
1191 1556 1197 1594 :
1219 1532 1354 1596 habend.
1371 1533 1413 1595 ad

203 1681 205 1684 .
273 1624 363 1682 term.
379 1617 455 1681 vitae
470 1637 555 1681 suae:
577 1616 661 1680 redd.
678 1637 734 1699 per
748 1617 783 1699 iij
796 1617 915 1698 primos
931 1637 1031 1681 annos
1040 1623 1136 1700 prout
1150 1617 1236 1681 idem
1249 1619 1411 1687 Walterus

273 1705 421 1780 reddidit,
436 1708 594 1786 etpoetea
609 1703 776 1786 antiquam
792 1703 916 1766 firmam
931 1704 989 1768 viz.
1003 1710 1086 1767 25s.:
1108 1705 1150 1766 Et
1164 1704 1311 1769 faciendo
1324 1704 1411 1788 [ete]

273 1793 317 1855 Et
339 1792 395 1855 dat
416 1810 474 1875 pro
496 1789 604 1873 g‘s'ma
628 1795 672 1854 6s.
698 1789 747 1853 8d.
769 1789 857 1854 unde
879 1790 982 1854 solvet
1005 1790 1091 1874 [ete]
1116 1790 1223 1854 Alieia
1249 1812 1321 1874 quae
1347 1793 1412 1855 fuit

274 1899 355 1942 uxor
376 1877 522 1961 praedieti
544 1876 682 1940 Walteri
701 1876 792 1940 venit
818 1876 871 1940 hie
895 1877 931 1939 in
957 1877 1045 1940 ouria
1067 1884 1099 1940 et
1121 1897 1249 1941 sursum
1271 1877 1413 1940 reddidit

273 1971 380 2030 totum
392 1965 446 2047 jus
462 1984 557 2028 suum
572 1964 612 2027 ad
628 1983 708 2047 opus
723 1963 825 2046 ipsius
841 1964 1007 2028 Bertrami.
1018 1965 1094 2027 -J
1095 1962 1238 2027 ohannes
1254 1963 1293 2027 de
1303 1965 1411 2046 Byker

275 2052 360 2135 cepit
376 2051 538 2134 quandam
552 2050 696 2132 placeam
711 2055 802 2114 terrae
817 2050 852 2111 in
867 2070 955 2113 mora
971 2050 1010 2114 de
1022 2049 1178 2114 Heworth
1193 2070 1250 2133 pro
1263 2071 1411 2134 quamera

274 2137 445 2220 quaerenda
460 2143 493 2200 et
510 2136 661 2200 fodienda
675 2156 732 2219 per
746 2157 768 2198 v
782 2136 929 2200 homines
951 2156 1008 2219 per
1030 2157 1132 2200 unum
1155 2157 1276 2200 annum
1292 2158 1311 2200 a
1329 2136 1412 2201 festo

275 2225 306 2288 S.
316 2223 452 2306 Martini
460 2237 523 2287 Am.
534 2228 593 2287 ete.
604 2222 691 2304 lviij⁰
700 2243 786 2305 prox.
796 2223 943 2286 futurum
952 2243 1009 2305 pro
1024 2228 1089 2287 26s.
1102 2223 1151 2286 8d.
1162 2249 1177 2271 ι
1193 2261 1206 2271 -
1218 2223 1412 2287 —Thomas

275 2311 364 2375 Guse
379 2309 464 2392 oepit
479 2308 641 2393 quandam
656 2309 798 2391 placeam
820 2314 913 2373 terrae
935 2310 1057 2374 ibidem
1078 2330 1134 2392 pro
1150 2330 1298 2392 quaerere
1313 2330 1413 2392 quaer-

274 2398 357 2461 enda
379 2402 412 2460 et
433 2394 583 2459 fodienda
604 2415 661 2479 per
682 2396 718 2478 iij
742 2395 888 2459 homines
900 2409 913 2458 τ’
928 2395 1063 2460 habend.
1082 2417 1101 2460 a
1123 2397 1204 2460 festo
1228 2397 1257 2460 S.
1275 2396 1413 2459 Martini

273 2483 426 2567 praedicto
437 2501 541 2566 usque
552 2481 594 2544 ad
605 2483 780 2546 terminum
794 2482 893 2545 trium
908 2503 1083 2547 annorum:
1104 2482 1190 2548 redd.
1207 2483 1311 2566 primo
1326 2504 1413 2546 anno

276 2576 341 2634 205.
357 2577 390 2634 et
404 2568 610 2652 postmodum
625 2568 769 2651 quolibet
784 2589 868 2632 anno
886 2573 950 2633 tie.
967 2608 981 2618 -
997 2607 1010 2618 -

321 2748 450 2807 1359.-
457 2742 526 2826 [An
540 2742 656 2824 abrupt
671 2747 943 2806 eommenoement
959 2762 1001 2805 on
1016 2762 1035 2805 a
1049 2761 1119 2805 new
1130 2742 1198 2806 leaf
1209 2743 1244 2806 of
1256 2742 1312 2806 the
1326 2743 1413 2806 book

274 2829 309 2895 of
328 2850 448 2894 arrears
471 2829 552 2892 after
572 2829 630 2893 the
651 2828 859 2892 terminetion
876 2827 911 2890 of
934 2828 1040 2912 1358]
1084 2829 1203 2892 Adhuc
1224 2829 1413 2892 WESTMER-

273 2932 406 2982 INGTON.
442 2917 494 2980 De
510 2916 532 2979 J
534 2914 659 2979 ohanne
674 2915 741 2978 filio
750 2914 831 2978 Adae
846 2914 886 2977 de
899 2914 1121 2997 Maynesforth
1136 2935 1193 2998 pro
1205 2916 1218 2998 j
1236 2915 1370 2999 eotagi0‚
1384 2916 1409 2999 ij

272 3005 353 3069 acris
368 3004 529 3088 quondam
546 3002 660 3086 Rogeri
674 3002 790 3065 Mouse
804 3000 845 3064 de
859 3005 994 3084 utroque
1009 3001 1147 3066 termino
1165 3001 1234 3065 23d.

316 3093 540 3155 Moetsmwe.
584 3090 635 3152 De
646 3089 753 3153 Alicia
767 3109 866 3152 uxore
881 3087 903 3150 J
905 3086 1041 3152 ohannis
1057 3088 1214 3152 Punchon
1228 3109 1286 3172 pro
1296 3087 1366 3170 leyr
1376 3088 1413 3150 in

273 3177 431 3242 adulterio
446 3196 521 3241 eum
535 3174 559 3257 ij
575 3175 761 3239 hominibus
779 3181 822 3239 2t.

320 3350 427 3412 136οἳ
474 3345 584 3432 [From
598 3346 654 3410 the
663 3366 750 3410 same
761 3345 868 3432 book]
914 3347 1240 3412 WEsT-MEBINGTON.
1285 3348 1338 3410 De
1352 3347 1412 3411 Jo-

273 3437 380 3500 hanne
395 3433 541 3498 Makand
556 3433 633 3514 quia
647 3432 769 3496 amovit
783 3453 884 3496 unum
901 3440 1060 3498 merstane
1074 3434 1109 3497 in
1125 3434 1172 3498 les
1188 3434 1320 3510 Orodes,
1338 3433 1387 3496 6d.

317 3521 616 3585 MIDMERINGTON.
659 3519 712 3583 De
734 3517 856 3582 Thema
878 3520 912 3582 N
913 3540 1014 3584 aneon
1036 3526 1069 3584 et
1090 3521 1196 3584 Alieia
1217 3540 1317 3584 uxore
1341 3520 1411 3603 ejus

273 3610 430 3693 quianon
452 3610 679 3689 reparaverunt
695 3626 796 3668 unum
818 3607 979 3689 eotagium
1001 3607 1088 3671 unde
1106 3627 1179 3690 pars
1194 3607 1413 3690 prostrabatur

272 3698 308 3760 in
331 3702 446 3760 tenura
470 3693 558 3757 Petri
585 3692 724 3756 Ourrour
746 3713 849 3774 nuper
873 3693 936 3756 viri
967 3692 1059 3757 dietae
1082 3693 1198 3758 Aliciae
1220 3699 1252 3756 et
1278 3712 1351 3776 pars
1376 3693 1412 3756 in

272 3790 388 3849 tenura
402 3781 498 3846 dietae
511 3779 627 3843 Alieiae
642 3781 722 3843 eitra
743 3779 863 3843 festum
878 3779 909 3843 S.
926 3778 1085 3844 Michaels
1107 3800 1195 3862 prox.
1211 3779 1412 3862 praeteritum

272 3878 368 3954 prout
396 3872 550 3951 oeperunt
579 3865 666 3930 diem
699 3866 760 3929 sub
788 3885 885 3948 poena
917 3871 956 3928 20
986 3866 1161 3930 solidorum
1190 3865 1342 3948 imposita
1371 3885 1412 3928 ex

271 3957 377 4042 gracia
390 3954 533 4030 Terrarii
552 3953 621 4016 md.

317 4043 518 4105 HewoRTHS.
562 4040 614 4103 De
628 4037 793 4102 Willelmo
816 4038 855 4101 de
871 4037 1033 4121 Gisburgh
1052 4039 1130 4121 quia
1151 4058 1216 4101 non
1241 4037 1351 4120 posuit
1376 4038 1411 4101 in

274 4149 367 4212 opere
392 4126 582 4190 meremium
608 4125 672 4188 sibi
693 4125 806 4188 datum
827 4145 884 4208 per
909 4124 1089 4188 Dominum
1111 4125 1153 4189 ad
1174 4124 1412 4206 reparacionem

275 4216 441 4279 domorum
455 4232 586 4275 suarum
601 4211 640 4274 de
655 4230 751 4292 poena
766 4211 807 4274 di
823 4232 937 4275 mareae
952 4211 1111 4294 imposita,
1127 4231 1167 4275 ex
1184 4211 1299 4294 gracia,
1317 4211 1366 4274 ed.

318 4302 527 4364 WERMOUTH.
570 4298 622 4360 De
636 4296 801 4361 Willelmo
816 4299 956 4362 Tomson
970 4318 1036 4361 uno
1048 4298 1231 4380 juratorum
1245 4297 1323 4380 quia
1345 4318 1412 4361 non

273 4387 365 4452 venit
379 4385 419 4450 ad
434 4383 564 4460 curiam,
581 4382 630 4447 6d.

317 4474 467 4537 HARTON.
512 4471 563 4534 De
585 4468 735 4534 Johanne
758 4469 880 4554 Colyne
903 4471 980 4554 quia
1002 4470 1124 4534 amovit
1145 4470 1192 4534 les
1215 4474 1410 4533 merestanee

273 4584 312 4626 ex
328 4559 460 4642 antiquo
476 4557 598 4640 positis,
615 4556 665 4618 td.
