3224 5212
344 591 406 652 172
605 599 764 650 nemora
778 599 961 650 euronotus
976 599 1216 650 nuummsls
1389 588 1479 646 1382.

385 759 536 825 Dorou.
579 758 632 824 De
647 758 730 824 dom.
748 758 885 824 Rioardo
901 758 941 823 de
955 758 1146 824 Wolveston
1161 758 1268 834 vicar,
1278 757 1359 842 quia
1373 756 1482 840 posuit

341 867 462 999 ffium
473 865 570 912 suum
583 846 670 910 infra
679 846 766 932 gard
778 853 891 912 eontra
905 865 1035 930 poenam
1049 847 1188 930 positam
1199 847 1321 929 absque
1332 844 1481 929 ligatura,

385 1020 609 1086 Pn'mterou.
652 1019 743 1085 Will
766 1019 809 1084 fil.
832 1018 922 1084 Will.
953 1020 1044 1084 Soott
1066 1039 1092 1084 o.
1114 1019 1162 1103 iiij
1186 1040 1231 1084 ao.
1254 1018 1294 1083 de
1317 1017 1482 1100 Iowsleys

342 1107 430 1172 redd.
446 1128 478 1191 p.
493 1128 521 1172 a
536 1107 594 1191 ijs.
610 1107 668 1191 viij
682 1105 950 1190 d.—Injunotum
964 1114 1015 1172 est
1029 1107 1179 1172 omnibus
1202 1113 1266 1171 ten.
1281 1105 1374 1170 villae
1398 1103 1481 1189 quod

341 1194 453 1260 nullus
468 1215 579 1259 eorum
600 1200 724 1278 ponent
745 1214 845 1278 equos
859 1214 919 1259 neo
934 1193 1044 1278 aliqua
1059 1194 1167 1258 averia
1187 1214 1246 1258 sua
1267 1193 1358 1256 inira
1381 1211 1480 1274 camp.

342 1281 427 1347 blad.
449 1281 508 1345 ubi
530 1280 627 1346 blada
647 1281 858 1357 seminantur,
873 1285 931 1345 aut
951 1281 1144 1366 permittant
1165 1301 1286 1364 poroos,
1300 1300 1412 1356 aucas,
1425 1298 1482 1342 nec

341 1369 452 1452 aliqua
478 1369 587 1433 averio
612 1388 671 1432 sua
696 1369 785 1433 exire
806 1367 922 1432 villam
950 1368 1022 1433 sine
1043 1368 1190 1432 custodia
1211 1368 1272 1432 sub
1295 1364 1480 1451 poenavjd.

342 1454 484 1520 solvend
500 1454 647 1539 qualibet
662 1454 735 1521 vioe
749 1455 837 1520 infra
851 1454 936 1520 bled.
951 1455 1167 1520 invenientur.

383 1543 628 1607 Wovnvnsrort.
686 1541 879 1626 Injunotum
907 1549 957 1607 est
986 1542 1137 1606 omnibus
1166 1548 1229 1606 ten.
1260 1541 1416 1604 villarum
1445 1538 1482 1602 de

340 1629 564 1706 Woulvaston,
594 1628 813 1714 Billyngham,
843 1629 1119 1694 Neutonbieulieu
1151 1636 1186 1693 et
1223 1629 1361 1712 Coupon
1398 1625 1481 1710 quod

340 1716 480 1800 quilibet
508 1737 620 1781 eorum
650 1717 774 1781 molent
794 1715 836 1780 ad
863 1716 1003 1782 molend.
1026 1716 1109 1781 dom.
1133 1715 1195 1780 sub
1216 1736 1314 1799 poena
1335 1735 1384 1778 xx
1393 1734 1429 1790 s.,
1450 1719 1480 1776 et

341 1804 525 1888 perdicione
540 1825 588 1888 eq.
605 1809 639 1867 et
653 1802 737 1868 bled.

386 1891 530 1957 codron.
589 1891 642 1955 De
665 1889 812 1956 Galfrido
834 1889 878 1956 fil.
901 1890 1041 1955 Gilberti
1062 1888 1207 1966 Wodrof,
1224 1889 1304 1954 Rob.
1328 1885 1479 1962 Bernard,

340 1977 417 2043 Joh.
439 1978 483 2043 fil
507 1977 592 2043 Gilb.
616 1977 669 2042 del
691 1978 771 2042 Raw
793 1977 871 2061 quia
892 1977 1067 2042 noluerunt
1089 1997 1270 2042 ammovere
1292 1976 1404 2041 averia
1426 1993 1480 2037 sua

340 2069 486 2148 tempore
501 2064 610 2129 debito
625 2072 718 2129 extra
732 2069 908 2148 pasturam,
923 2071 1020 2148 prout
1035 2064 1220 2129 ordinatum
1241 2063 1306 2128 fuit
1322 2084 1383 2148 per
1404 2081 1478 2145 praa-

340 2153 484 2236 positum
499 2151 586 2216 villae
606 2159 640 2216 et
662 2151 742 2216 alios
756 2151 827 2228 vio,
842 2152 882 2215 de
897 2172 994 2235 poena
1008 2150 1049 2216 de
1064 2151 1210 2235 quolibet
1224 2150 1259 2214 xl
1268 2149 1478 2215 d.-Ordina·

340 2245 415 2302 tum
436 2247 486 2303 est
508 2259 549 2302 ex
571 2238 736 2302 communi
758 2258 892 2303 assensu
907 2239 994 2322 quod
1011 2239 1152 2323 quilibet
1165 2259 1276 2303 eorum
1290 2237 1429 2302 veniant
1442 2233 1479 2296 ad

341 2325 628 2408 praemunioionem
642 2326 809 2408 praepositi
823 2346 881 2408 pro
897 2325 990 2391 sretln
1003 2326 1141 2409 ponend.
1155 2332 1190 2390 et
1204 2325 1277 2389 aliis
1292 2321 1478 2389 necessariis

341 2419 407 2476 ten.
429 2412 638 2495 tangentibus
668 2411 710 2475 ad
739 2431 818 2476 eom.
842 2413 1031 2494 proficuum,
1053 2419 1087 2476 et
1117 2412 1203 2496 quod
1233 2412 1370 2477 videant
1399 2407 1477 2474 blad

341 2497 463 2581 depost
479 2518 537 2581 per
554 2499 662 2562 averia
684 2519 795 2564 eorum
818 2499 859 2562 ad
881 2499 1166 2584 praemunioionem
1188 2498 1284 2584 praed.
1307 2494 1478 2582 praepositi,
1574 2531 1575 2554 1

344 2586 405 2650 sub
420 2605 517 2668 poena
531 2607 576 2648 xx
589 2605 623 2661 s.,
638 2585 791 2663 solvend,
805 2593 864 2650 eto.

385 2673 508 2736 Aonuv.
553 2673 643 2738 Will.
661 2673 765 2738 Pouer
787 2694 816 2738 v.
839 2673 875 2737 in
897 2693 963 2738 our.
979 2681 1013 2738 et
1028 2693 1053 2738 o.
1077 2673 1216 2738 molend.
1231 2673 1421 2756 aquaticum
1441 2668 1477 2732 de

341 2759 447 2842 Aoley
469 2799 484 2810 -
505 2797 520 2808 ·
542 2779 645 2843 usque
671 2759 712 2823 ad
738 2767 831 2824 term.
862 2760 898 2843 iij
929 2780 980 2824 an.
1004 2797 1017 2809 -
1039 2797 1056 2810 -
1077 2760 1165 2825 redd.
1188 2781 1218 2844 p.
1241 2781 1268 2825 a.
1291 2780 1374 2826 soao.
1399 2759 1476 2822 dom

342 2846 462 2911 Prioris
483 2846 636 2911 Dunelm.
659 2847 692 2930 vj
706 2847 739 2911 li.
769 2847 827 2930 xiij
839 2867 864 2912 s.
889 2847 937 2931 iiij
949 2847 977 2910 d.
1005 2847 1096 2932 [willa
1121 2847 1217 2911 maol
1245 2847 1407 2910 coaditioo
1423 2844 1478 2928 sor

340 2934 517 3018 optoldioq
532 2935 581 2997 tlte
595 2933 667 2997 mill
682 2935 749 2997 aad
763 2934 886 3016 leaoioq
900 2935 936 2998 a'a
958 2934 1273 3018 repulsi-Thomas
1294 2934 1433 2997 Watson
1453 2949 1475 2993 c.

341 3021 550 3085 medietatem
561 3021 575 3103 j
593 3020 688 3084 bond.
705 3020 808 3104 (vinj
833 3041 925 3086 mess.
948 3021 1030 3104 xxiij
1042 3023 1072 3087 d.
1095 3028 1153 3085 ter.
1176 3029 1210 3086 et
1232 3021 1275 3086 di.
1297 3020 1333 3084 in
1355 3020 1476 3084 Ketton

340 3108 466 3172 medow
480 3107 665 3190 interlitam>
679 3107 738 3171 ult
754 3108 789 3170 in
804 3114 868 3172 ten.
884 3109 907 3172 J
908 3107 957 3172 oh.
977 3109 1200 3184 Farmourson,
1214 3129 1253 3173 eo
1275 3106 1362 3191 quod
1385 3103 1475 3192 praed.

340 3194 363 3256 J
366 3193 416 3259 oh.
432 3194 591 3258 concessit
604 3192 701 3277 praed.
717 3193 828 3259 Tbom.
842 3201 949 3259 totum
960 3196 1016 3279 jus
1031 3194 1118 3279 quod
1132 3195 1266 3275 habuit3
1287 3193 1424 3258 habend.
1439 3188 1477 3254 ad

340 3287 432 3348 term.
449 3281 526 3344 vitae
548 3301 632 3361 suae;
654 3279 742 3346 redd.
758 3301 788 3364 p.
805 3302 832 3348 a
848 3303 893 3344 xx
902 3302 925 3346 s.
942 3302 1022 3347 soae.
1045 3283 1130 3346 dom.
1146 3282 1266 3347 Prioris
1281 3319 1296 3332 -
1311 3318 1324 3330 ·
1339 3279 1476 3345 Gres'ma

340 3367 376 3430 xl
384 3367 414 3430 d.
430 3367 631 3432 condonatur
643 3388 746 3451 usque
761 3369 784 3451 ij
795 3388 818 3433 s.

385 3453 632 3520 Wannusrrnrvn.
676 3456 729 3520 De
752 3455 892 3539 quadam
914 3456 987 3538 fray
1001 3455 1037 3519 in
1059 3475 1171 3540 campo
1202 3455 1243 3521 de
1270 3447 1475 3519 Walleshend

340 3560 400 3624 per
414 3539 561 3605 homines
577 3541 617 3605 de
632 3542 860 3624 Tynnemouth
882 3542 923 3607 ad
945 3543 1136 3608 effusionem
1159 3541 1333 3627 sanguinis,
1348 3546 1383 3606 et
1404 3534 1474 3603 ibid

341 3629 474 3692 fuerunt
489 3629 638 3692 arrestati
652 3649 710 3712 per
723 3629 746 3693 J
748 3628 797 3692 oh.
810 3629 864 3694 del
879 3631 968 3706 Rev,
980 3637 1013 3694 et
1027 3630 1117 3693 Will.
1128 3631 1248 3713 Weesy
1258 3628 1389 3694 devenit
1400 3626 1475 3711 plag.

341 3715 364 3778 J
366 3715 419 3779 oh.
429 3714 483 3780 del
498 3715 579 3779 Raw
592 3736 651 3799 pro
665 3715 760 3799 praed.
777 3715 938 3800 dampnis,
952 3717 1025 3781 ideo
1040 3717 1063 3780 J
1064 3716 1114 3781 oh.
1131 3717 1185 3781 del
1200 3717 1280 3781 Rev
1291 3713 1475 3800 respondeat

342 3802 378 3865 xl
387 3801 653 3886 d.-Injunotum
663 3810 713 3867 est
722 3803 872 3867 omnibus
881 3809 945 3868 ten.
956 3803 1044 3868 villas
1055 3811 1089 3868 et
1097 3804 1219 3868 villatae
1228 3804 1268 3868 de
1276 3803 1474 3885 Willyngtou
1513 3880 1514 3888 ἵ

343 3889 430 3971 quod
451 3891 592 3973 reparari
607 3891 728 3954 saciant
742 3889 829 3953 viam
844 3891 879 3954 in
895 3890 962 3955 alta
977 3897 1078 3955 strata
1093 3891 1154 3955 sub
1169 3890 1264 3954 bosco
1287 3889 1475 3953 sufficienter

344 3976 424 4038 citra
438 3976 508 4039 fest.
526 3977 556 4041 S.
573 3975 673 4040 Mioh.
688 3997 777 4058 prox.
794 3977 853 4041 fut.
870 3979 931 4042 sub
945 3998 1042 4063 poena
1060 3978 1102 4042 di.
1119 3997 1214 4042 maro
1259 3977 1338 4040 Dies
1354 3975 1416 4040 dat
1431 3976 1476 4036 est
1571 4041 1572 4044 ,

343 4063 366 4124 J
368 4061 417 4124 oh.
434 4061 612 4145 Sohephird
628 4063 669 4127 ad
685 4063 820 4127 iaciend.
836 4063 939 4149 legem
955 4085 1046 4129 suam
1062 4064 1149 4148 quod
1160 4084 1227 4128 non
1238 4064 1333 4147 fregit
1348 4078 1475 4127 eonven-

345 4147 470 4211 oionem
485 4148 610 4212 Simoni
624 4149 769 4225 Yardolf,
784 4158 817 4214 et
832 4149 918 4235 quod
933 4151 1072 4216 fideliter
1095 4152 1157 4216 sibi
1183 4151 1333 4226 deservit,
1359 4156 1392 4214 et
1417 4164 1475 4211 non

344 4234 508 4318 elongavit
523 4255 557 4298 se
572 4236 612 4300 de
634 4237 768 4300 servicio
790 4258 857 4314 suo,
880 4258 955 4302 oum
976 4239 1008 4321 vj
1032 4259 1131 4302 manu
1153 4239 1195 4302 ad
1217 4257 1400 4321 pronoen,
1421 4231 1474 4297 sub

342 4341 440 4405 poena
454 4321 497 4385 di.
513 4342 636 4386 marcae
682 4324 760 4388 Rob.
777 4323 884 4389 Sr‘nith
899 4325 1027 4388 invenit
1041 4325 1123 4409 pleg.
1139 4325 1180 4389 de
1194 4345 1273 4408 paee
1284 4343 1396 4390 versus
1407 4323 1429 4388 J
1430 4317 1474 4382 ob.

344 4407 533 4492 Sohephird,
550 4408 637 4492 quod
660 4431 725 4473 non
746 4411 845 4475 faeiat
866 4411 998 4495 aliquod
1020 4413 1198 4495 dampnum
1219 4432 1277 4496 per
1298 4431 1332 4476 se
1352 4409 1405 4474 vel
1426 4423 1476 4490 per

343 4496 446 4559 alium
461 4496 522 4559 sub
536 4515 633 4579 poena
648 4497 724 4573 xli,
735 4497 824 4562 Will.
837 4498 889 4562 del
901 4499 981 4562 Raw
992 4507 1026 4563 et
1037 4501 1060 4564 J
1062 4499 1111 4563 oh.
1124 4499 1177 4563 del
1189 4499 1276 4564 Raw.
1311 4499 1395 4562 Item
1407 4495 1427 4560 J
1429 4490 1472 4556 oh.

345 4583 524 4665 Sohephird
538 4583 665 4647 invenit
679 4584 759 4667 pleg.
779 4585 819 4648 de
834 4605 913 4668 paee
927 4606 1039 4649 versus
1051 4586 1073 4649 J
1076 4585 1125 4651 oh.
1142 4585 1250 4650 Smith
1264 4585 1376 4650 eodem
1387 4577 1473 4646 modo
