3224 5212
167 573 265 644 ,lata
418 585 577 634 6666666
591 585 772 634 66666666
787 585 1029 635 6666666666.
1252 576 1312 637 147

168 745 227 807 6116
245 744 331 818 inter
346 764 427 826 quos
449 744 503 808 lex
526 750 558 807 et
581 744 745 808 contentio
767 749 945 820 moventur,
960 745 1046 828 quod
1069 743 1179 826 nullus
1202 766 1310 810 eorum

170 831 322 895 dedicant
337 831 417 894 alios
437 832 472 893 in
487 832 595 894 verbis
617 853 676 896 666
696 832 791 896 166116
814 832 874 895 sub
889 852 985 915 poena
1000 831 1035 894 xl
1044 831 1073 896 d.
1090 833 1231 896 solvend
1254 854 1312 917 per

168 918 266 980 illum
280 918 338 1001 661
360 919 395 981 16
418 918 556 982 deffectu
578 920 859 1001 reperitur-De
882 919 949 983 Ric.
970 918 1011 983 de
1033 919 1230 1003 Meryngton
1252 941 1311 1003 pro

169 1009 371 1069 transfacta
390 1004 426 1068 in
441 1025 506 1068 666
520 1006 654 1088 gardino
676 1007 790 1070 firmar.
806 1027 864 1089 per
878 1026 993 1088 pueros
1015 1026 1089 1070 suos
1109 1006 1149 1070 ad
1170 1006 1310 1090 dampna

169 1093 286 1155 firmar.
302 1092 325 1175 ij
337 1093 375 1168 d.‚
391 1092 431 1156 de
446 1092 528 1168 m’ia,
544 1093 576 1175 vj
590 1093 629 1168 1.,
644 1094 844 1157 condonatur
858 1112 916 1176 per
929 1101 1037 1158 terrar.

216 1179 448 1243 Brntrrrerrxm.
492 1180 515 1243 J
517 1180 566 1242 oh.
590 1180 630 1243 de
651 1179 771 1264 Grisby
791 1181 842 1263 ej
861 1180 946 1263 cotj
963 1186 1056 1245 acet
1077 1180 1117 1244 di
1139 1179 1254 1244 ultimo
1274 1180 1309 1244 in

170 1275 286 1329 tenura
314 1267 422 1330 Diotae
452 1266 491 1330 de
522 1266 785 1351 Midelsborough
809 1305 820 1315 -
844 1305 857 1315 -
880 1267 1015 1331 habend.
1046 1267 1088 1330 ad
1117 1273 1208 1332 term.
1232 1267 1309 1332 vitae

170 1373 238 1416 6666
261 1389 272 1399 -
295 1389 308 1400 -

214 1440 459 1504 Wounvusrox.
506 1441 697 1523 injunctum
707 1447 756 1504 661
767 1441 917 1505 omnibus
928 1447 992 1506 ten.
1004 1441 1093 1506 villae
1102 1441 1188 1524 quod
1200 1441 1310 1506 nullus

170 1547 283 1590 eorum
309 1529 498 1610 permittant
528 1527 653 1611 aliquos
683 1533 851 1592 extraneos
881 1529 985 1593 166666
1015 1529 1157 1612 aliquam
1188 1530 1311 1613 brigam

171 1614 222 1697 [=
226 1614 379 1696 jurgium,
401 1615 480 1691 rixa,
495 1635 612 1698 pugna,
628 1616 683 1678 Du
699 1615 821 1698 Gange]
839 1616 874 1678 in
889 1615 968 1678 villa
983 1615 1023 1679 16
1037 1614 1227 1679 Wolveston
1251 1617 1311 1680 sub

170 1721 267 1783 poena
282 1701 317 1764 xl
329 1721 361 1776 6.,
374 1701 515 1765 solvend.
532 1701 677 1784 perillus
693 1704 749 1785 661
765 1703 882 1766 661661
897 1702 1052 1766 auxiliare
1070 1723 1130 1766 666
1144 1703 1255 1766 venire
1270 1703 1311 1766 ad

171 1788 456 1870 praemnnicionem
472 1789 791 1853 constabiliariorum.
836 1790 880 1851 Et
897 1789 953 1852 isti
971 1796 1048 1853 6661
1070 1789 1165 1853 616611
1185 1796 1309 1852 666616·

174 1875 294 1937 biliarii
306 1875 394 1940 Will.
408 1875 584 1958 Chapman‚
602 1877 740 1940 Thomas
752 1876 793 1940 fil.
810 1876 908 1952 Will.,
918 1875 1007 1938 Will.
1024 1876 1221 1957 Pairjonson,
1236 1877 1309 1940 Joh.

170 1961 212 2024 dc
227 1961 382 2039 Hotham,
398 1963 485 2028 Will.
501 1962 542 2026 de
556 1963 778 2039 Woulveston,
794 1967 826 2027 61
841 1963 914 2026 Joh.
930 1962 970 2026 16
986 1963 1145 2026 Belassiis.

215 2049 360 2112 Nnurorr
387 2050 552 2113 Bruunwn.
598 2051 790 2132 injunctum
815 2058 865 2114 est
890 2050 963 2114 Joh.
995 2049 1035 2113 de
1064 2049 1196 2112 Neuton
1224 2049 1311 2132 quod

171 2135 280 2198 trahet
307 2156 427 2198 moram
453 2138 488 2199 in
512 2135 592 2199 villa
611 2138 651 2200 (16
677 2138 809 2201 Neuton
835 2138 916 2200 citra
936 2157 1024 2218 prox.
1048 2157 1112 2200 cur.
1136 2137 1196 2199 sub
1215 2156 1312 2218 poena

172 2222 378 2286 admissionis
417 2221 487 2308 [sic]
521 2224 604 2306 juris
634 2225 685 2287 661
715 2226 784 2288 6166
815 2224 923 2307 611666
959 2223 1312 2287 condonacione-De

172 2309 296 2372 Thema
312 2309 476 2393 Halyman
492 2313 569 2392 quia
590 2311 696 2374 noluit
715 2319 916 2394 praesentare,
932 2311 1108 2393 66611616.
1124 2311 1164 2374 (16
1179 2310 1312 2374 Neuton

173 2396 281 2459 noluit
296 2398 421 2460 trahere
433 2418 555 2460 moram
567 2398 652 2461 16166
665 2398 845 2461 dominium
859 2398 894 2460 xl
906 2397 935 2460 d.
949 2398 1004 2461 661
1016 2397 1095 2461 16166
1107 2397 1313 2474 contradixit,

173 2490 270 2564 prout
293 2491 493 2566 compertum
516 2491 565 2548 est
590 2505 648 2567 per
666 2486 739 2567 jux,
754 2492 787 2548 et
810 2505 894 2548 unus
917 2485 1061 2568 ipsorum
1084 2484 1153 2568 1666
1176 2485 1239 2547 1611
1262 2485 1311 2568 [16

171 2570 330 2653 66669166]
346 2571 547 2636 6661666166
560 2593 605 2634 xx
615 2572 643 2635 d.
660 2593 717 2654 per
732 2573 882 2635 Priorem.

217 2657 361 2721 OOUPON.
405 2658 457 2721 De
469 2659 492 2722 J
493 2659 543 2721 oh.
560 2659 672 2723 Pulter
687 2659 768 2742 [aad
783 2659 956 2734 16661166,
971 2659 1009 2741 of
1018 2659 1118 2720 whom
1133 2657 1182 2720 tha
1188 2657 1312 2740 follow-

170 2744 1313 2827 166166666666666,(16161166,Β616,1111616666,166661661616666]

171 2851 312 2913 quorum
338 2831 361 2914 ij
386 2831 496 2895 ultimi
518 2834 683 2896 amerciati
706 2832 895 2897 166666116
917 2832 1006 2895 66616
1035 2831 1228 2914 praecedenti
1255 2851 1312 2912 pro

168 2918 182 3000 j
205 2939 287 3002 agno
303 2919 429 2982 terrarii
444 2920 595 2982 devorato
611 2941 668 3002 per
683 2941 777 2984 66666
794 2940 912 2996 eorum,
927 2919 1111 3001 appreciato
1126 2919 1158 3000 vj
1173 2939 1195 2981 s.
1211 2917 1268 3000 viij
1283 2917 1312 2980 d.

171 3005 213 3068 de
228 3005 374 3089 quolibet
389 3006 424 3089 iij
439 3007 468 3070 d.
481 3045 524 3055 —
535 3007 557 3090 ij
572 3028 595 3070 6.
607 3009 646 3093 16(
658 3007 686 3070 d.

216 3094 338 3156 Actor.
385 3094 586 3176 Praeceptum
601 3100 649 3158 est
665 3093 780 3158 attach.
797 3093 886 3156 Will
903 3092 1054 3156 Warand.
1078 3091 1119 3154 ad
1142 3089 1313 3155 essendum

172 3178 214 3243 ad
237 3200 326 3262 prox.
342 3180 476 3244 liberam
500 3201 564 3244 cur.
582 3181 622 3244 ad
645 3181 854 3263 respondend.
872 3180 911 3244 16
926 3179 1090 3242 communi
1112 3199 1206 3242 cursu
1222 3198 1313 3261 aquae

172 3287 247 3348 quae
263 3266 416 3331 deberent
439 3268 509 3351 [cic]
532 3289 657 3332 currere
679 3289 736 3350 per
757 3268 900 3331 medium
923 3268 1017 3330 616611
1038 3285 1141 3349 66666
1157 3265 1264 3341 Skirn,
1280 3272 1314 3328 61

172 3354 268 3416 modo
285 3354 479 3435 pervertitur
500 3375 558 3437 per
580 3355 675 3438 praed.
698 3355 795 3431 Will.,
811 3361 844 3419 et
866 3353 967 3418 currit
986 3353 1081 3417 modo
1103 3373 1160 3435 per
1181 3352 1313 3415 domum

171 3441 248 3504 Joh.
275 3441 489 3505 Fermourson
515 3450 548 3506 61
574 3442 658 3504 16166
684 3445 864 3505 manerium
890 3441 930 3504 ad
956 3461 1051 3524 66666
1073 3440 1314 3524 161666666-

173 3528 410 3591 Praesentatum
426 3535 475 3592 est
498 3529 584 3610 quod
605 3529 683 3593 Rob.
702 3528 908 3605 Channceler,
931 3527 1080 3590 dominus
1103 3528 1126 3591 J
1128 3528 1177 3590 oh.
1194 3525 1313 3602 066166,

172 3613 263 3677 Will
280 3615 396 3698 Powys
420 3615 587 3699 Capeliani
609 3623 686 3679 sunt
708 3636 892 3679 communes
915 3622 1082 3678 venatores
1105 3621 1138 3678 et
1160 3619 1315 3696 ceperunt

173 3701 299 3784 lepores
322 3703 358 3764 in
374 3722 486 3785 campo
509 3704 549 3767 16
565 3703 948 3786 Acley—Praesentatum
965 3707 1014 3764 est
1036 3721 1093 3783 per
1107 3699 1312 3764 forestarium

172 3788 261 3870 quod
277 3789 414 3853 Thomas
437 3790 599 3853 Kirhman
623 3799 656 3853 et
678 3790 700 3853 J
702 3791 751 3854 oh.
768 3790 936 3853 Blithman
952 3788 991 3851 de
1006 3786 1230 3871 Wyndelsdon
1251 3786 1313 3849 166-

172 3882 291 3958 gerunt
305 3896 438 3958 parcum
454 3877 494 3940 de
508 3877 619 3959 Acley.

217 3962 317 4025 Faar.
362 3963 565 4046 Praeceptum
588 3969 638 4026 est
660 3963 776 4028 attach.
800 3963 867 4027 llic.
891 3961 926 4024 fil
948 3960 1036 4024 Petri
1059 3965 1092 4023 et
1114 3961 1155 4022 Is.
1175 3978 1315 4023 sororem

172 4051 243 4128 ejus
266 4049 307 4112 ad
331 4050 541 4132 respondend.
565 4051 605 4114 ad
628 4050 762 4114 liberam
784 4071 847 4114 cur.
871 4049 911 4113 16
933 4068 1016 4112 6666.
1032 4047 1085 4110 161
1106 4046 1315 4110 balks—De

172 4134 263 4199 Will.
280 4136 372 4200 Wait
393 4158 451 4220 pro
474 4137 605 4201 cultello
628 4158 685 4200 suo
706 4141 848 4201 extracto
871 4135 912 4198 ad
933 4134 1198 4217 percussiendum
1220 4133 1315 4198 Nich.

173 4243 357 4300 messorem,
379 4232 476 4307 prout
499 4231 699 4306 compertum
721 4230 778 4300 est,
801 4224 836 4286 xl
845 4222 1007 4287 d.-Will.
1024 4221 1176 4305 Goldyng
1190 4243 1214 4286 c.
1231 4242 1315 4285 com-

174 4329 309 4373 munem
324 4311 457 4373 furnum
474 4312 513 4375 de
537 4313 619 4394 Fery
643 4349 655 4360 -
679 4349 692 4359 -
715 4312 754 4374 ad
778 4317 867 4374 term.
884 4309 918 4392 iij
943 4330 1002 4386 an,
1022 4309 1108 4372 redd.
1131 4329 1190 4392 pro
1212 4309 1316 4392 primo

173 4417 261 4460 anno
278 4398 335 4479 xiij
348 4418 370 4461 s.
386 4399 434 4481 iiij
449 4399 487 4476 d.‚
503 4399 643 4462 secundo
659 4419 743 4462 6666
758 4399 828 4480 xiiij
843 4418 876 4474 s.,
892 4398 992 4461 166616
1007 4416 1092 4459 6666
1107 4397 1162 4478 xvj
1176 4415 1198 4458 6.
1216 4433 1229 4444 -
1245 4432 1258 4443 -
1274 4395 1317 4458 Ε1

173 4484 271 4568 66661.
299 4483 388 4548 Will.
416 4485 511 4569 praed.
539 4487 672 4548 furnum
698 4492 815 4568 sumpt.
843 4485 910 4547 6616
936 4483 1133 4547 sustentabit
1159 4487 1191 4545 61
1217 4499 1317 4545 manu

173 4570 360 4649 tenebit,et
381 4571 416 4634 16
432 4574 495 4636 fine
518 4580 607 4636 term.
633 4573 684 4636 sui
705 4574 741 4635 in
763 4571 936 4635 sufficienti
958 4577 1046 4634 61616
1068 4568 1218 4633 dimittet.
1265 4569 1317 4631 In-
