3224 5212
634 570 809 620 serenent.
1233 559 1292 617 201

149 728 409 792 Osmorncaorr.

193 814 311 897 Henry
326 815 540 900 Brakinbary,
554 836 612 900 pro
629 816 701 882 libr.
717 817 798 882 firm.
813 815 945 892 ibidem,
960 837 1017 900 per
1032 837 1164 893 annum,
1183 822 1246 880 108.

148 926 412 991 Somnnanoosn.

195 1013 343 1163 Regepg.d
354 1013 505 1078 Dominae
528 1013 659 1099 Reginae
681 1014 814 1090 ibidem,
828 1035 886 1098 pro
901 1015 971 1080 libr.
988 1015 1068 1078 firm.
1094 1035 1298 1098 perannum,

261 1120 285 1163 e.
345 1149 352 1164 .

148 1213 359 1276 Srnrrnaor.

195 1299 326 1449 Reeelpt.
349 1299 499 1364 Dominae
523 1300 655 1384 Reginae
677 1300 809 1376 ibidem,
829 1322 887 1384 per
902 1321 1034 1377 annum,
1050 1321 1106 1385 pro
1121 1300 1192 1366 libr.
1207 1300 1300 1376 firm,

241 1392 260 1448 4
287 1387 306 1450 i.

151 1499 324 1562 Cnnrnnn.

196 1585 335 1648 Thomas
351 1586 527 1734 {lomptom
549 1585 679 1662 ibidem,
700 1607 757 1670 pro
781 1607 847 1651 uno
871 1592 1064 1661 tenemento,
1085 1607 1142 1671 per
1168 1607 1299 1662 annum,

243 1677 313 1735 338.
331 1677 349 1734 4
373 1721 381 1736 .

241 1759 273 1821 A
295 1759 380 1822 lease
405 1765 442 1823 21
468 1759 491 1823 J
493 1780 566 1823 anu.
589 1781 674 1824 anno
701 1767 739 1823 14
756 1761 792 1822 in
814 1761 866 1825 hia
887 1781 958 1823 own
983 1782 1078 1825 name
1100 1766 1134 1824 to
1149 1780 1298 1825 comense

286 1855 320 1909 at
335 1847 517 1930 Martymas
532 1847 589 1911 ast.
604 1847 640 1909 in
655 1847 828 1912 reversion.

286 1933 323 2010 Q.
339 1932 426 1998 void.
470 1934 582 1997 Vacat.
598 1933 657 2018 [Ia
670 1955 773 1998 manu
787 1935 857 2018 alt]

242 2020 274 2081 A
288 2018 374 2084 lease
389 2020 482 2084 heroi
494 2020 592 2084 dated
621 2027 661 2084 22
677 2023 700 2086 J
702 2041 774 2085 ann.
802 2041 887 2086 anno
912 2021 1044 2106 Reginae
1070 2019 1169 2105 rriiijlh
1184 2020 1220 2083 in
1242 2019 1298 2084 the

289 2127 383 2171 name
398 2107 434 2170 os
446 2108 584 2172 Franees
594 2108 766 2173 Pilhinton
781 2108 816 2171 in
831 2108 950 2191 lottery
962 2129 1019 2192 per
1027 2108 1117 2172 John
1129 2103 1299 2172 Pilkinton

287 2200 320 2258 et
334 2213 395 2259 reo.
411 2194 452 2257 ad
468 2195 634 2278 proprium
650 2216 755 2270 usum,
773 2194 859 2260 2011.

418 2281 492 2345 Rea.
510 2282 594 2345 2011.

200 2368 358 2450 Anthony
374 2368 447 2432 Bell
461 2389 520 2451 pro
534 2390 601 2432 uno
615 2375 801 2433 tenemento
815 2369 945 2444 ibidem,
960 2390 1018 2453 per
1032 2390 1154 2433 annum
1172 2374 1237 2432 268.
1249 2365 1299 2431 ad.

243 2455 275 2518 A
290 2454 376 2518 lease
385 2455 480 2518 herol
492 2454 554 2518 dat.
567 2455 646 2538 xxvj
661 2455 747 2539 Sept.
763 2477 848 2520 anno
863 2457 930 2538 xvij
947 2456 1079 2541 Reginae
1094 2476 1182 2520 nuno
1196 2456 1232 2519 in
1243 2455 1300 2519 the

288 2561 383 2606 name
405 2542 442 2605 of
464 2542 602 2606 Franoes
629 2543 800 2606 Pilkinton
826 2545 860 2606 in
888 2542 1007 2626 lottery
1033 2564 1090 2626 per
1115 2543 1299 2609 Johannem

289 2629 459 2693 Pilkinton
475 2634 508 2693 et
522 2650 582 2694 reo.
599 2630 639 2694 ad
654 2631 820 2714 proprium
835 2651 941 2706 usum,
958 2630 1044 2694 noli.

420 2716 495 2780 Rea.
513 2717 598 2781 2011.

202 2803 340 2866 Thomas
355 2804 477 2886 Baytes
492 2825 550 2887 pro
565 2825 631 2867 uno
646 2805 785 2889 oottagio
800 2803 930 2878 ibidem,
945 2823 1148 2886 perannum,
1165 2810 1208 2867 4s.

202 2890 359 2973 Georgius
376 2891 563 2973 Baynbruig
577 2911 635 2973 pro
649 2890 751 2955 libero
766 2897 951 2956 tenemento
966 2891 1097 2967 ibidem,
1115 2897 1160 2956 68.
1177 2890 1225 2953 8d.

422 2977 485 3040 3li.
505 2984 570 3042 108.
587 2977 637 3043 8d.

157 3089 303 3152 Memor
318 3089 513 3153 Tmmornn.

203 3176 361 3239 Rieardus
377 3177 518 3326 Mortem
533 3177 742 3327 nroldiverais
758 3177 839 3241 aoris
854 3183 956 3254 terrae,
971 3197 1174 3260 perannum,
1189 3181 1233 3239 68.
1252 3174 1302 3238 8d.

456 3284 531 3328 ever
544 3284 580 3328 rn
608 3285 688 3328 ease.

158 3377 308 3438 anror
323 3374 471 3439 Knr'ror.

205 3460 363 3610 Antgrony
388 3461 598 3538 Cotesworth
621 3483 678 3546 pro
693 3464 775 3527 firm.
791 3462 922 3537 ibidem,
943 3483 1001 3546 per
1026 3483 1158 3539 annum,
1175 3461 1239 3525 oli.
1260 3463 1304 3525 78.

207 3633 329 3698 Willm.
347 3635 494 3719 Stelling,
509 3657 567 3719 pro
582 3636 663 3700 firm.
678 3635 809 3712 ibidem,
824 3655 1028 3718 perannum,
1044 3633 1107 3698 511.
1125 3639 1169 3699 78.
1188 3634 1236 3697 8d.

250 3721 341 3805 They
362 3721 446 3786 bave
468 3723 549 3787 both
574 3723 677 3788 leases
698 3723 815 3785 within
837 3722 904 3787 this
927 3722 991 3787 last
1012 3720 1085 3785 thre
1110 3741 1231 3804 yeares,
1260 3720 1305 3802 by

294 3829 441 3874 common
457 3816 599 3888 consent,
611 3809 675 3874 and
690 3811 766 3894 paid
781 3808 867 3873 their
880 3810 970 3885 fines,
981 3809 1051 3883 viz,
1065 3813 1101 3870 21
1117 3806 1150 3872 11.
1170 3812 1234 3872 108.
1253 3808 1302 3871 8d.

295 3915 405 3980 apeoe
420 3903 455 3960 to
470 3897 608 3962 thandes
624 3897 659 3960 os
681 3898 743 3960 Mr.
762 3896 882 3960 Swifte.

623 3984 706 4048 loli.
725 3991 790 4048 158.
810 3982 858 4046 ld.

165 4068 299 4132 Comen
314 4069 519 4135 Mormvmn.

207 4156 369 4220 Henricns
386 4157 575 4234 Perkinson,
589 4178 647 4241 pro
661 4157 732 4221 libr.
748 4158 829 4221 firm.
845 4155 976 4230 ibidem,
989 4174 1047 4237 per
1062 4174 1194 4231 annum,
1211 4154 1281 4217 lad.

165 4278 247 4343 an
262 4281 398 4345 Howsn.

206 4368 245 4430 D.
263 4367 399 4444 Bennet,
414 4389 471 4452 pro
487 4368 566 4432 firm
582 4368 713 4445 ibidem,
729 4389 787 4451 per
801 4387 932 4444 annum,
945 4372 1011 4430 53s.
1027 4366 1077 4430 4d.

249 4455 343 4519 Twoe
364 4456 466 4520 lea-ses
488 4455 582 4520 herof
605 4456 641 4518 in
666 4455 722 4520 the
743 4475 837 4519 name
860 4454 894 4516 of
920 4453 1059 4517 Richard
1074 4453 1233 4528 Johnson,
1249 4450 1305 4515 the

291 4542 360 4606 first
383 4542 446 4606 dat.
465 4550 578 4607 octavo
601 4543 715 4606 Martii
738 4563 823 4606 anno
839 4541 971 4626 Reginae
986 4537 1140 4616 xvttand
1165 4538 1307 4604 th'other
