3278 5204
205 602 297 665 1370.
475 616 633 665 annueri
647 617 828 666 emericus
843 618 1083 671 nuummuusrs.
1123 619 1126 628 ’
1304 615 1343 674 99

202 808 216 820 -
231 773 306 836 -Et
321 773 450 858 datpro
464 774 608 858 gree'm’a
621 779 664 840 le.
709 776 753 838 Et
767 775 929 858 reparabit
946 776 1078 842 domum
1099 799 1156 862 pro
1178 782 1344 847 mansione

198 859 263 923 ten’
276 861 363 924 infra
374 882 478 924 unum
487 882 610 926 annum
621 862 711 944 prox’
721 862 867 927 futurum
877 863 918 926 ad
929 865 1046 948 costag’
1055 865 1190 930 Domini
1203 873 1236 933 et
1244 889 1343 934 unam

198 948 367 1031 grangiam
387 954 582 1032 prostratam
602 949 687 1012 infra
701 949 725 1031 ij
742 969 863 1013 annum
880 949 950 1033 [sic]
966 951 1161 1017 sufficienter
1175 954 1216 1018 ad
1231 956 1342 1021 eadem

199 1036 353 1118 custegia.
365 1035 605 1106 —Willelmus
627 1035 714 1100 filius
736 1035 867 1100 Thomae
888 1041 922 1101 et
942 1036 1050 1100 Adam
1071 1038 1158 1104 filius
1180 1039 1342 1106 Johannis

198 1122 1095 1276 utttffttlllttlttttltllsl‘dfitt
1106 1125 1340 1280 milli

198 1313 323 1358 annum
347 1301 411 1361 26³.
428 1296 478 1361 ed.
522 1297 567 1360 Et
580 1296 717 1361 reddent
732 1301 765 1360 et
778 1296 899 1361 facient
920 1297 956 1360 in
978 1299 1129 1363 omnibns
1148 1299 1221 1364 aliis
1236 1235 1338 1384 opepri-

198 1380 261 1445 bus
283 1386 317 1446 et
338 1383 449 1447 cervis'
465 1383 532 1467 [sic]
554 1388 650 1466 prout
670 1383 845 1467 praedictus
864 1382 1020 1448 Ricardus
1041 1385 1132 1468 prius
1151 1386 1292 1452 reddidit
1306 1394 1340 1453 et

198 1467 297 1531 fecit:
319 1468 503 1553 incipiendo
518 1470 641 1535 solvere
652 1470 811 1554 integram
821 1470 946 1534 fflmem
961 1471 1001 1534 ad
1017 1471 1135 1536 festum
1146 1474 1238 1538 Pent'
1253 1495 1339 1539 anno

198 1553 335 1618 Domini
349 1556 524 1621 Millesimo
540 1563 598 1621 etc.
613 1557 719 1640 lxxijo
763 1557 807 1620 Et
826 1557 1033 1621 seminabunt
1052 1557 1113 1622 hoc
1128 1580 1212 1624 enno
1228 1581 1337 1626 semen

198 1642 327 1706 vernale
342 1650 377 1708 et
390 1643 518 1708 solvent
531 1644 664 1708 terciam
678 1647 803 1727 partem
817 1643 935 1723 firmee;
957 1648 989 1708 et
1002 1644 1026 1708 J
1027 1645 1169 1710 ohannes
1184 1647 1266 1711 Reid
1281 1649 1339 1730 qni

197 1728 372 1793 seminavit
397 1749 507 1794 semen
531 1730 669 1795 hiemale
694 1729 902 1812 respondebit
926 1729 967 1794 de
988 1731 1116 1795 residuo
1141 1731 1249 1798 firmae.
1293 1735 1337 1798 Et

196 1813 392 1880 invenerunt
405 1817 470 1881 ten'
485 1816 680 1882 sufficienter
701 1816 846 1880 eedificat’
862 1822 895 1880 et
909 1816 955 1882 sic
970 1816 1145 1884 dimittent
1190 1819 1277 1904 Pleg.
1293 1857 1307 1869 -
1323 1857 1337 1868 -

197 1899 352 1966 Gres'm’a
368 1909 410 1967 ts.
423 1927 432 1983 ;
453 1903 651 1969 condonetur
664 1924 722 1987 per
735 1903 911 1967 terrarium.

240 1989 461 2054 wmusrown.
504 1990 528 2054 J
529 1990 671 2054 ohannes
692 1991 733 2054 de
752 1989 851 2054 Seton
867 2026 881 2036 -
891 2026 906 2036 -
921 1989 1007 2072 oepit
1018 2010 1121 2052 unum
1134 1992 1336 2074 mesuagium

196 2080 231 2139 et
245 2075 292 2159 xij
309 2096 397 2141 acras
411 2082 504 2141 terrae
517 2077 633 2141 ultimo
648 2077 684 2140 in
698 2082 813 2140 tenura
827 2075 907 2140 Adae
918 2075 1057 2139 Dicteon
1068 2076 1172 2141 nativi
1182 2078 1336 2144 Domini:

195 2161 334 2226 habend’
349 2169 383 2227 et
403 2163 531 2228 tenend'
554 2164 595 2228 ad
616 2169 707 2228 term.
725 2164 801 2227 vitee
823 2183 906 2227 suae:
927 2162 1013 2227 redd
1037 2163 1067 2246 [“
1078 2183 1136 2246 pro
1158 2183 1243 2246 equa
1265 2165 1334 2250 (ap-

194 2248 346 2332 parently
360 2250 410 2313 for
423 2257 440 2284 “
452 2251 551 2315 aora''
572 2270 607 2314 as
627 2250 744 2334 below)
767 2248 850 2313 xvd.
865 2249 924 2314 et''
939 2250 1115 2327 interlineari,
1138 2251 1334 2334 “antiquam

194 2335 322 2399 firmem
343 2337 401 2401 et''
422 2337 526 2402 struck
551 2337 618 2420 out]
642 2337 752 2401 cervis'
778 2340 874 2421 prout
895 2336 1067 2419 praedictus
1090 2336 1197 2401 Adam
1222 2338 1333 2421 [“red-

196 2422 283 2486 didit
306 2423 365 2487 et'’
389 2425 493 2488 stmulo
514 2425 581 2509 out]
608 2423 686 2487 fecit
700 2460 715 2470 -
729 2460 744 2470 -
787 2423 831 2486 Et
853 2422 909 2487 dat
923 2443 981 2506 pro
1006 2423 1150 2506 gres’m’a
1167 2429 1211 2490 de.
1228 2425 1334 2490 8d-

194 2510 218 2573 J
220 2508 364 2574 ohannes
378 2509 466 2574 filius
485 2509 613 2575 Ricardi
637 2510 676 2574 de
698 2509 843 2573 Hertlaw
858 2546 871 2556 -
887 2546 902 2556 -
917 2509 1004 2592 cepit
1017 2510 1075 2592 viij
1092 2530 1181 2574 acras
1196 2511 1235 2576 de
1250 2518 1334 2576 terra

195 2595 351 2660 Hostilar'
361 2597 477 2662 ultimo
491 2597 527 2660 in
538 2603 653 2662 tenura
666 2597 814 2680 praedicti
826 2594 929 2660 Adee:
949 2595 1086 2660 habend'
1102 2602 1135 2660 et
1148 2598 1277 2662 tenend'
1292 2599 1333 2663 ad

194 2689 287 2747 term.
302 2684 379 2748 vitae
394 2704 477 2750 enee:
499 2684 585 2749 redd.
595 2705 626 2767 p.
637 2704 665 2749 a.
682 2683 712 2766 [“
723 2687 818 2766 prout
832 2682 1003 2767 prsediotus
1025 2682 1132 2746 Adam
1154 2683 1243 2766 prius
1261 2684 1333 2748 red-

194 2769 280 2833 didit
288 2770 305 2796 '’
319 2772 423 2834 stmulo
444 2778 506 2847 out,
527 2777 613 2854 “pro
635 2789 707 2834 acra
728 2791 772 2834 xv
782 2769 829 2834 d.''
851 2769 1033 2852 intertincti]
1057 2775 1090 2834 et
1111 2770 1189 2833 fecit
1203 2807 1217 2818 -
1232 2807 1246 2818 -
1289 2771 1332 2834 Et

194 2855 252 2919 dat
274 2877 331 2940 pro
345 2857 488 2941 gres'm’a
503 2863 546 2922 ts.
564 2857 613 2922 8d
658 2858 682 2922 J
682 2856 826 2920 ohannes
841 2856 881 2920 de
896 2855 995 2920 Setun
1010 2893 1024 2905 -
1038 2892 1054 2902 -
1068 2856 1154 2938 cepit
1168 2855 1225 2938 viij
1242 2876 1331 2922 acras

191 2949 286 3007 terrae
304 2944 420 3008 ultimo
439 2944 474 3007 in
488 2950 603 3010 tenure
623 2942 706 3008 Adae
720 2943 877 3008 Diotson:
899 2941 1035 3006 habend'
1049 2947 1083 3006 et
1096 2941 1161 3006 ten’
1177 2942 1218 3005 ad
1238 2948 1330 3008 term.

193 3030 272 3094 vitea
293 3051 377 3096 suae:
400 3031 486 3095 redd
500 3051 532 3114 p.
547 3050 575 3095 a.
589 3051 647 3114 pro
662 3050 735 3095 acra
759 3030 829 3094 15d.
852 3035 886 3094 et
910 3029 990 3093 facit
1009 3029 1046 3091 in
1063 3029 1212 3092 omnibus
1234 3035 1331 3112 prout

191 3117 366 3199 praedictus
380 3117 488 3182 Adam
502 3117 586 3200 fecit.
602 3154 616 3164 -
631 3155 645 3166 -
688 3117 732 3181 Et
746 3116 802 3181 dat
816 3136 873 3199 pro
887 3116 1029 3200 gree’m'a
1045 3120 1088 3179 ts.
1106 3114 1155 3179 8d.

237 3203 389 3268 Hmrou.
433 3203 656 3288 Assyngnacio
681 3210 780 3268 terreo.
824 3203 899 3266 Duo
922 3201 1081 3286 bondagia
1107 3200 1269 3284 qnondam
1295 3202 1331 3265 in

191 3295 309 3354 tenura
332 3290 414 3355 Adae
441 3291 480 3356 dc
506 3291 638 3354 Neuton
663 3295 901 3374 assyngnantur
929 3288 1008 3352 Adae
1043 3288 1183 3352 Dioteon
1218 3289 1330 3353 nativo

193 3377 329 3440 Domini
350 3378 414 3442 ten'
436 3378 478 3441 ad
499 3377 700 3441 voluntatem
721 3376 875 3440 Domini:
896 3374 1043 3439 faciendo
1064 3395 1121 3458 pro
1140 3376 1153 3458 j
1170 3376 1329 3460 bondagio

192 3465 329 3547 antiqua
340 3465 450 3529 cervis'
460 3464 530 3548 [aio]
543 3471 575 3528 et
586 3466 699 3547 operass:
714 3464 800 3528 redd
811 3483 869 3546 pro
881 3462 979 3526 altero
989 3463 1146 3546 bondagio
1157 3482 1214 3545 pro
1226 3464 1329 3546 primo

193 3571 279 3614 anno
296 3557 376 3616 30s.:
397 3551 582 3635 incipiendo
604 3551 726 3615 solvere
749 3551 789 3614 ad
811 3550 930 3613 festum
952 3549 1043 3613 Pent'
1065 3549 1153 3631 prox'
1175 3550 1329 3614 futurum.

192 3638 236 3700 Et
250 3643 363 3722 postea
377 3638 464 3702 idem
471 3637 579 3702 Adam
593 3638 717 3702 tenebit
731 3636 920 3720 praedictum
931 3635 1126 3718 bondagium
1140 3635 1182 3698 ad
1197 3636 1330 3718 antiqua

192 3745 289 3808 opera
304 3732 337 3789 et
352 3726 462 3790 cervis'
478 3724 548 3809 [sic]
564 3725 592 3788 si
606 3725 767 3788 Dominus
789 3723 830 3787 ad
850 3723 912 3786 hoc
934 3721 1114 3787 consentire
1132 3720 1280 3799 voluerit,
1296 3727 1330 3784 et

192 3812 349 3895 percipiet
364 3812 403 3876 de
418 3812 559 3876 Domino
581 3811 770 3876 meremium
791 3816 825 3874 et
846 3809 1016 3892 pecuniam
1038 3808 1079 3871 ad
1093 3806 1329 3889 reparacionem

192 3897 361 3962 domorum
382 3904 479 3982 prout
496 3899 559 3982 jur’
581 3897 772 3962 taxaverint.
784 3895 1015 3978 -Inquisicio
1037 3899 1131 3975 capta
1145 3893 1184 3957 de
1199 3893 1328 3959 nativis

192 3985 373 4069 Inquisicio
388 3991 482 4068 capta
496 3986 549 4049 hic
566 3985 617 4048 die
632 3985 749 4048 Martis
765 3984 848 4068 [Oct.
866 3983 921 4066 29]
936 3983 972 4045 in
987 3981 1126 4046 crastino
1141 3979 1282 4044 Simonis
1297 3987 1331 4045 et

191 4072 290 4136 Judee
316 4072 400 4155 [Oct.
429 4073 483 4156 28]
511 4091 595 4136 anno
621 4070 755 4136 Domini
787 4069 961 4134 m⁰ccclxx⁰
983 4065 1037 4154 [F]
1061 4087 1167 4131 coram
1199 4067 1330 4132 domino

191 4159 344 4224 Jobenne
358 4160 398 4224 de
409 4158 700 4243 Hemmyngburgh
714 4157 854 4234 terrario,
869 4163 901 4220 et
916 4155 1046 4218 domino
1061 4155 1182 4218 Thoma
1196 4153 1330 4238 Surteys

190 4245 368 4310 senescallo
384 4245 425 4309 ad
446 4245 677 4329 inquirendum
699 4245 790 4327 cujus
812 4242 1008 4307 condicionis
1023 4240 1131 4306 Adam
1144 4241 1284 4306 Diotson
1299 4246 1331 4306 et

190 4333 334 4416 Rogerus
360 4333 460 4396 Wsrd
486 4333 643 4408 existunt,
668 4351 726 4415 per
755 4335 991 4395 sacramentum
1020 4327 1331 4393 ‹lobannisWallae

189 4419 297 4484 aetatis
326 4419 407 4504 iiij¹¹
443 4440 609 4496 annorum,
645 4419 775 4483 Thomae
811 4418 905 4500 Pege,
942 4416 1073 4479 Ricardi
1106 4415 1146 4479 de
1175 4414 1330 4489 Hertlaw,

189 4508 213 4572 J
216 4506 354 4571 ohannis
382 4507 542 4592 Dogeson,
571 4505 732 4570 «Iohannis
763 4504 861 4587 (alnay,
892 4502 1053 4567 Johennis
1083 4502 1150 4564 filio
1178 4500 1261 4565 Adae
1290 4499 1330 4563 de

189 4593 360 4678 Suthwyk,
384 4594 514 4658 Thomae
535 4593 597 4657 filii
618 4592 717 4657 Alani
747 4596 780 4656 et
805 4589 965 4656 Johannis
989 4589 1079 4654 Reid
1125 4586 1189 4664 Qui
1215 4586 1330 4650 dicunt
