<?xml version="1.0" encoding="UTF-8"?>
<!DOCTYPE html PUBLIC "-//W3C//DTD XHTML 1.0 Transitional//EN"
    "http://www.w3.org/TR/xhtml1/DTD/xhtml1-transitional.dtd">
<html xmlns="http://www.w3.org/1999/xhtml" xml:lang="en" lang="en">
 <head>
  <title>
</title>
<meta http-equiv="Content-Type" content="text/html;charset=utf-8" />
  <meta name='ocr-system' content='tesseract 3.04.00' />
  <meta name='ocr-capabilities' content='ocr_page ocr_carea ocr_par ocr_line ocrx_word'/>
</head>
<body>
  <div class='ocr_page' id='page_1' title='image "./halmotaprioratu01cathgoog/halmotaprioratu01cathgoog_0234.png"; bbox 0 0 3224 5212; ppageno 0'>
   <div class='ocr_carea' id='block_1_1' title="bbox 158 565 1302 626">
    <p class='ocr_par' dir='ltr' id='par_1_1' title="bbox 158 565 1302 626">
     <span class='ocr_line' id='line_1_1' title="bbox 158 565 1302 626; baseline -0.002 -2"><span class='ocrx_word' id='word_1_1' title='bbox 158 565 252 626; x_wconf 84' lang='lat'>1383.</span> <span class='ocrx_word' id='word_1_2' title='bbox 434 575 1045 625; x_wconf 80' lang='grc'><strong>111111111111111111111111111.</strong></span> <span class='ocrx_word' id='word_1_3' title='bbox 1242 565 1302 626; x_wconf 83' lang='grc'>179</span> 
     </span>
    </p>
   </div>
   <div class='ocr_carea' id='block_1_2' title="bbox 155 733 1306 2558">
    <p class='ocr_par' dir='ltr' id='par_1_2' title="bbox 155 733 1301 1168">
     <span class='ocr_line' id='line_1_2' title="bbox 201 733 1301 818; baseline -0.002 -20"><span class='ocrx_word' id='word_1_4' title='bbox 201 735 387 798; x_wconf 79' lang='lat' dir='ltr'>Hcsmncn.</span> <span class='ocrx_word' id='word_1_5' title='bbox 426 735 620 818; x_wconf 85' lang='lat' dir='ltr'>Injunctum</span> <span class='ocrx_word' id='word_1_6' title='bbox 635 739 685 798; x_wconf 87' lang='lat' dir='ltr'>est</span> <span class='ocrx_word' id='word_1_7' title='bbox 699 734 848 798; x_wconf 88' lang='lat' dir='ltr'>omnibus</span> <span class='ocrx_word' id='word_1_8' title='bbox 858 733 1045 810; x_wconf 89' lang='lat' dir='ltr'>husbandis,</span> <span class='ocrx_word' id='word_1_9' title='bbox 1061 733 1147 818; x_wconf 89' lang='lat' dir='ltr'>quod</span> <span class='ocrx_word' id='word_1_10' title='bbox 1159 734 1301 817; x_wconf 88' lang='lat' dir='ltr'>reparari</span> 
     </span>
     <span class='ocr_line' id='line_1_3' title="bbox 156 821 1300 906; baseline 0.001 -22"><span class='ocrx_word' id='word_1_11' title='bbox 156 823 283 886; x_wconf 84' lang='lat' dir='ltr'>faciant</span> <span class='ocrx_word' id='word_1_12' title='bbox 294 822 341 886; x_wconf 90' lang='lat' dir='ltr'>les</span> <span class='ocrx_word' id='word_1_13' title='bbox 356 822 487 906; x_wconf 88' lang='lat' dir='ltr'>lonyng,</span> <span class='ocrx_word' id='word_1_14' title='bbox 499 823 546 886; x_wconf 89' lang='lat' dir='ltr'>ita</span> <span class='ocrx_word' id='word_1_15' title='bbox 560 821 648 906; x_wconf 93' lang='lat' dir='ltr'>quod</span> <span class='ocrx_word' id='word_1_16' title='bbox 660 828 796 904; x_wconf 79' lang='lat' dir='ltr'><strong>possunt</strong></span> <span class='ocrx_word' id='word_1_17' title='bbox 807 821 927 886; x_wconf 88' lang='lat' dir='ltr'>cariare</span> <span class='ocrx_word' id='word_1_18' title='bbox 942 823 1056 885; x_wconf 92' lang='lat' dir='ltr'><strong>fimum</strong></span> <span class='ocrx_word' id='word_1_19' title='bbox 1066 842 1140 885; x_wconf 92' lang='lat' dir='ltr'>cum</span> <span class='ocrx_word' id='word_1_20' title='bbox 1155 821 1300 902; x_wconf 88' lang='lat' dir='ltr'>carectis,</span> 
     </span>
     <span class='ocr_line' id='line_1_4' title="bbox 156 908 1301 991; baseline -0.003 -18"><span class='ocrx_word' id='word_1_21' title='bbox 156 909 242 973; x_wconf 89' lang='lat' dir='ltr'>citra</span> <span class='ocrx_word' id='word_1_22' title='bbox 264 910 335 973; x_wconf 82' lang='lat' dir='ltr'>fest</span> <span class='ocrx_word' id='word_1_23' title='bbox 360 910 389 974; x_wconf 85' lang='lat' dir='ltr'>S.</span> <span class='ocrx_word' id='word_1_24' title='bbox 407 909 521 984; x_wconf 88' lang='lat' dir='ltr'>Marci,</span> <span class='ocrx_word' id='word_1_25' title='bbox 536 910 582 991; x_wconf 89' lang='lat' dir='ltr'>xij</span> <span class='ocrx_word' id='word_1_26' title='bbox 594 908 623 972; x_wconf 93' lang='lat' dir='ltr'>d.</span> <span class='ocrx_word' id='word_1_27' title='bbox 640 908 782 973; x_wconf 87' lang='lat' dir='ltr'>solvend.</span> <span class='ocrx_word' id='word_1_28' title='bbox 802 917 871 985; x_wconf 84' lang='lat' dir='ltr'>etc,</span> <span class='ocrx_word' id='word_1_29' title='bbox 886 917 919 972; x_wconf 90' lang='grc'>11</span> <span class='ocrx_word' id='word_1_30' title='bbox 934 909 1036 973; x_wconf 87' lang='lat' dir='ltr'>eciam</span> <span class='ocrx_word' id='word_1_31' title='bbox 1058 908 1145 991; x_wconf 90' lang='lat' dir='ltr'>quod</span> <span class='ocrx_word' id='word_1_32' title='bbox 1168 914 1301 973; x_wconf 78' lang='lat' dir='ltr'>teneant</span> 
     </span>
     <span class='ocr_line' id='line_1_5' title="bbox 155 995 1300 1080; baseline -0.001 -21"><span class='ocrx_word' id='word_1_33' title='bbox 155 996 324 1060; x_wconf 87' lang='lat' dir='ltr'>hirsillum</span> <span class='ocrx_word' id='word_1_34' title='bbox 347 1017 421 1060; x_wconf 88' lang='lat' dir='ltr'>oum</span> <span class='ocrx_word' id='word_1_35' title='bbox 446 996 632 1060; x_wconf 75' lang='lat' dir='ltr'>bidentibus</span> <span class='ocrx_word' id='word_1_36' title='bbox 657 996 724 1059; x_wconf 88' lang='lat' dir='ltr'>suis</span> <span class='ocrx_word' id='word_1_37' title='bbox 748 1003 781 1059; x_wconf 91' lang='lat' dir='ltr'>et</span> <span class='ocrx_word' id='word_1_38' title='bbox 805 995 892 1078; x_wconf 92' lang='lat' dir='ltr'>quod</span> <span class='ocrx_word' id='word_1_39' title='bbox 915 996 1085 1080; x_wconf 86' lang='lat' dir='ltr'>unguent¹</span> <span class='ocrx_word' id='word_1_40' title='bbox 1107 1015 1161 1059; x_wconf 89' lang='lat' dir='ltr'>eos</span> <span class='ocrx_word' id='word_1_41' title='bbox 1177 996 1300 1060; x_wconf 89' lang='lat' dir='ltr'>tociens</span> 
     </span>
     <span class='ocr_line' id='line_1_6' title="bbox 156 1082 870 1168; baseline -0.001 -21"><span class='ocrx_word' id='word_1_42' title='bbox 156 1084 314 1167; x_wconf 83' lang='lat' dir='ltr'>quociens</span> <span class='ocrx_word' id='word_1_43' title='bbox 329 1083 485 1168; x_wconf 88' lang='lat' dir='ltr'>indigent,</span> <span class='ocrx_word' id='word_1_44' title='bbox 502 1084 563 1146; x_wconf 89' lang='lat' dir='ltr'>sub</span> <span class='ocrx_word' id='word_1_45' title='bbox 577 1102 674 1165; x_wconf 88' lang='lat' dir='ltr'>poena</span> <span class='ocrx_word' id='word_1_46' title='bbox 689 1082 730 1146; x_wconf 87' lang='lat' dir='ltr'>di.</span> <span class='ocrx_word' id='word_1_47' title='bbox 748 1103 870 1147; x_wconf 75' lang='lat' dir='ltr'>marcae.</span> 
     </span>
    </p>

    <p class='ocr_par' dir='ltr' id='par_1_3' title="bbox 157 1168 1301 1428">
     <span class='ocr_line' id='line_1_7' title="bbox 162 1168 1300 1234; baseline 0.003 -4"><span class='ocrx_word' id='word_1_48' title='bbox 162 1221 165 1229; x_wconf 91' lang='lat'><em>.</em></span> <span class='ocrx_word' id='word_1_49' title='bbox 203 1171 437 1234; x_wconf 75' lang='lat' dir='ltr'>Brnxrxcnnn.</span> <span class='ocrx_word' id='word_1_50' title='bbox 483 1169 534 1234; x_wconf 93' lang='lat' dir='ltr'>De</span> <span class='ocrx_word' id='word_1_51' title='bbox 549 1169 639 1234; x_wconf 83' lang='lat' dir='ltr'>Will</span> <span class='ocrx_word' id='word_1_52' title='bbox 656 1169 798 1234; x_wconf 88' lang='lat' dir='ltr'>Currour</span> <span class='ocrx_word' id='word_1_53' title='bbox 812 1177 845 1234; x_wconf 90' lang='lat' dir='ltr'>et</span> <span class='ocrx_word' id='word_1_54' title='bbox 860 1169 927 1233; x_wconf 90' lang='lat' dir='ltr'>Ric.</span> <span class='ocrx_word' id='word_1_55' title='bbox 944 1170 1057 1234; x_wconf 88' lang='lat' dir='ltr'>Senior</span> <span class='ocrx_word' id='word_1_56' title='bbox 1068 1169 1144 1234; x_wconf 90' lang='lat' dir='ltr'>xld</span> <span class='ocrx_word' id='word_1_57' title='bbox 1160 1168 1300 1234; x_wconf 87' lang='lat' dir='ltr'>detentis</span> 
     </span>
     <span class='ocr_line' id='line_1_8' title="bbox 157 1256 1301 1341; baseline -0.002 -21"><span class='ocrx_word' id='word_1_58' title='bbox 157 1257 231 1340; x_wconf 79' lang='lat' dir='ltr'>[sic]</span> <span class='ocrx_word' id='word_1_59' title='bbox 246 1256 335 1322; x_wconf 88' lang='lat' dir='ltr'>Will.</span> <span class='ocrx_word' id='word_1_60' title='bbox 360 1257 491 1341; x_wconf 87' lang='lat' dir='ltr'>Sparow</span> <span class='ocrx_word' id='word_1_61' title='bbox 515 1263 548 1321; x_wconf 93' lang='lat' dir='ltr'>et</span> <span class='ocrx_word' id='word_1_62' title='bbox 578 1256 656 1321; x_wconf 85' lang='lat' dir='ltr'>Rob.</span> <span class='ocrx_word' id='word_1_63' title='bbox 681 1256 819 1332; x_wconf 88' lang='lat' dir='ltr'>Yutson,</span> <span class='ocrx_word' id='word_1_64' title='bbox 842 1277 899 1340; x_wconf 86' lang='lat' dir='ltr'>pro</span> <span class='ocrx_word' id='word_1_65' title='bbox 924 1256 1099 1322; x_wconf 85' lang='lat' dir='ltr'>lalcacionc</span> <span class='ocrx_word' id='word_1_66' title='bbox 1120 1257 1193 1341; x_wconf 86' lang='lat' dir='ltr'>vja</span> <span class='ocrx_word' id='word_1_67' title='bbox 1215 1256 1301 1340; x_wconf 88' lang='lat' dir='ltr'>prati</span> 
     </span>
     <span class='ocr_line' id='line_1_9' title="bbox 159 1344 1056 1428; baseline 0 -21"><span class='ocrx_word' id='word_1_68' title='bbox 159 1344 367 1408; x_wconf 85' lang='lat' dir='ltr'>Edmondens</span> <span class='ocrx_word' id='word_1_69' title='bbox 383 1345 498 1428; x_wconf 86' lang='lat' dir='ltr'>pertin.</span> <span class='ocrx_word' id='word_1_70' title='bbox 514 1344 657 1421; x_wconf 89' lang='lat' dir='ltr'>terrario,</span> <span class='ocrx_word' id='word_1_71' title='bbox 671 1352 769 1426; x_wconf 89' lang='lat' dir='ltr'>prout</span> <span class='ocrx_word' id='word_1_72' title='bbox 783 1351 984 1426; x_wconf 88' lang='lat' dir='ltr'>compertum</span> <span class='ocrx_word' id='word_1_73' title='bbox 999 1349 1056 1407; x_wconf 85' lang='lat' dir='ltr'>est</span> 
     </span>
    </p>

    <p class='ocr_par' dir='ltr' id='par_1_4' title="bbox 157 1429 1302 1688">
     <span class='ocr_line' id='line_1_10' title="bbox 202 1429 1301 1497; baseline -0.002 -3"><span class='ocrx_word' id='word_1_74' title='bbox 202 1431 346 1494; x_wconf 78' lang='lat' dir='ltr'>Esxnxn</span> <span class='ocrx_word' id='word_1_75' title='bbox 394 1432 588 1497; x_wconf 89' lang='lat' dir='ltr'>Ordinatum</span> <span class='ocrx_word' id='word_1_76' title='bbox 603 1437 714 1494; x_wconf 84' lang='lat' dir='ltr'>estex</span> <span class='ocrx_word' id='word_1_77' title='bbox 735 1450 814 1495; x_wconf 88' lang='lat' dir='ltr'>corn.</span> <span class='ocrx_word' id='word_1_78' title='bbox 830 1451 889 1494; x_wconf 85' lang='lat' dir='ltr'>aas.</span> <span class='ocrx_word' id='word_1_79' title='bbox 912 1430 1008 1494; x_wconf 90' lang='lat' dir='ltr'>istius</span> <span class='ocrx_word' id='word_1_80' title='bbox 1030 1430 1118 1495; x_wconf 85' lang='lat' dir='ltr'>villae</span> <span class='ocrx_word' id='word_1_81' title='bbox 1139 1451 1176 1494; x_wconf 89' lang='lat' dir='ltr'>ac</span> <span class='ocrx_word' id='word_1_82' title='bbox 1198 1429 1301 1494; x_wconf 87' lang='lat' dir='ltr'>villat.</span> 
     </span>
     <span class='ocr_line' id='line_1_11' title="bbox 157 1516 1302 1602; baseline 0 -22"><span class='ocrx_word' id='word_1_83' title='bbox 157 1518 200 1582; x_wconf 89' lang='lat' dir='ltr'>de</span> <span class='ocrx_word' id='word_1_84' title='bbox 223 1518 371 1582; x_wconf 91' lang='lat' dir='ltr'>Midmer.</span> <span class='ocrx_word' id='word_1_85' title='bbox 389 1525 422 1582; x_wconf 91' lang='lat' dir='ltr'>et</span> <span class='ocrx_word' id='word_1_86' title='bbox 444 1518 615 1582; x_wconf 86' lang='lat' dir='ltr'>Westmer.</span> <span class='ocrx_word' id='word_1_87' title='bbox 632 1517 719 1602; x_wconf 91' lang='lat' dir='ltr'>quod</span> <span class='ocrx_word' id='word_1_88' title='bbox 742 1517 808 1581; x_wconf 86' lang='lat' dir='ltr'>sint</span> <span class='ocrx_word' id='word_1_89' title='bbox 824 1517 910 1600; x_wconf 90' lang='lat' dir='ltr'>apud</span> <span class='ocrx_word' id='word_1_90' title='bbox 933 1517 1064 1582; x_wconf 86' lang='lat' dir='ltr'>Shelom</span> <span class='ocrx_word' id='word_1_91' title='bbox 1085 1517 1245 1582; x_wconf 88' lang='lat' dir='ltr'>milndam</span> <span class='ocrx_word' id='word_1_92' title='bbox 1260 1516 1302 1580; x_wconf 90' lang='lat' dir='ltr'>ad</span> 
     </span>
     <span class='ocr_line' id='line_1_12' title="bbox 159 1605 893 1688; baseline 0 -20"><span class='ocrx_word' id='word_1_93' title='bbox 159 1606 359 1688; x_wconf 87' lang='lat' dir='ltr'>operandum</span> <span class='ocrx_word' id='word_1_94' title='bbox 374 1605 451 1670; x_wconf 90' lang='lat' dir='ltr'>ibid</span> <span class='ocrx_word' id='word_1_95' title='bbox 468 1643 481 1653; x_wconf 93' lang='lat'><em>-</em></span> <span class='ocrx_word' id='word_1_96' title='bbox 496 1641 511 1652; x_wconf 96' lang='lat'><em>-</em></span> <span class='ocrx_word' id='word_1_97' title='bbox 526 1605 587 1669; x_wconf 89' lang='lat' dir='ltr'>sub</span> <span class='ocrx_word' id='word_1_98' title='bbox 602 1625 699 1688; x_wconf 86' lang='lat' dir='ltr'>poena</span> <span class='ocrx_word' id='word_1_99' title='bbox 713 1605 755 1668; x_wconf 80' lang='lat' dir='ltr'>di.</span> <span class='ocrx_word' id='word_1_100' title='bbox 772 1625 893 1668; x_wconf 88' lang='lat' dir='ltr'>marcae.</span> 
     </span>
    </p>

    <p class='ocr_par' dir='ltr' id='par_1_5' title="bbox 158 1691 1306 2558">
     <span class='ocr_line' id='line_1_13' title="bbox 203 1691 1303 1775; baseline -0.001 -20"><span class='ocrx_word' id='word_1_101' title='bbox 203 1692 302 1756; x_wconf 71' lang='lat' dir='ltr'>Fran.</span> <span class='ocrx_word' id='word_1_102' title='bbox 341 1693 533 1775; x_wconf 88' lang='lat' dir='ltr'>Injunctum</span> <span class='ocrx_word' id='word_1_103' title='bbox 547 1699 597 1756; x_wconf 90' lang='lat' dir='ltr'>est</span> <span class='ocrx_word' id='word_1_104' title='bbox 613 1691 762 1756; x_wconf 87' lang='lat' dir='ltr'>omnibus</span> <span class='ocrx_word' id='word_1_105' title='bbox 776 1697 840 1756; x_wconf 90' lang='lat' dir='ltr'>ten.</span> <span class='ocrx_word' id='word_1_106' title='bbox 852 1691 940 1754; x_wconf 85' lang='lat' dir='ltr'>villae</span> <span class='ocrx_word' id='word_1_107' title='bbox 955 1691 1041 1774; x_wconf 94' lang='lat' dir='ltr'>quod</span> <span class='ocrx_word' id='word_1_108' title='bbox 1052 1691 1193 1755; x_wconf 85' lang='lat' dir='ltr'>habeant</span> <span class='ocrx_word' id='word_1_109' title='bbox 1208 1710 1303 1773; x_wconf 88' lang='lat' dir='ltr'>cepas</span> 
     </span>
     <span class='ocr_line' id='line_1_14' title="bbox 160 1776 1302 1864; baseline -0.002 -22"><span class='ocrx_word' id='word_1_110' title='bbox 160 1776 212 1864; x_wconf 92' lang='lat'>[=</span> <span class='ocrx_word' id='word_1_111' title='bbox 230 1776 357 1864; x_wconf 88' lang='lat' dir='ltr'>cippos]</span> <span class='ocrx_word' id='word_1_112' title='bbox 380 1781 441 1842; x_wconf 91' lang='lat' dir='ltr'>sub</span> <span class='ocrx_word' id='word_1_113' title='bbox 456 1799 553 1862; x_wconf 88' lang='lat' dir='ltr'>poena</span> <span class='ocrx_word' id='word_1_114' title='bbox 567 1779 609 1843; x_wconf 91' lang='lat' dir='ltr'>di.</span> <span class='ocrx_word' id='word_1_115' title='bbox 625 1798 748 1854; x_wconf 84' lang='lat' dir='ltr'>marcae,</span> <span class='ocrx_word' id='word_1_116' title='bbox 763 1785 796 1842; x_wconf 91' lang='lat' dir='ltr'>et</span> <span class='ocrx_word' id='word_1_117' title='bbox 811 1778 912 1841; x_wconf 88' lang='lat' dir='ltr'>eciam</span> <span class='ocrx_word' id='word_1_118' title='bbox 931 1777 1018 1860; x_wconf 89' lang='lat' dir='ltr'>quod</span> <span class='ocrx_word' id='word_1_119' title='bbox 1040 1778 1176 1862; x_wconf 86' lang='lat' dir='ltr'>quilibet</span> <span class='ocrx_word' id='word_1_120' title='bbox 1192 1797 1302 1841; x_wconf 90' lang='lat' dir='ltr'>eorum</span> 
     </span>
     <span class='ocr_line' id='line_1_15' title="bbox 158 1863 1302 1948; baseline -0.002 -19"><span class='ocrx_word' id='word_1_121' title='bbox 158 1866 362 1929; x_wconf 82' lang='lat' dir='ltr'>satisfaciant</span> <span class='ocrx_word' id='word_1_122' title='bbox 384 1886 589 1929; x_wconf 88' lang='lat' dir='ltr'>communem</span> <span class='ocrx_word' id='word_1_123' title='bbox 615 1872 776 1947; x_wconf 82' lang='lat' dir='ltr'>pastorem</span> <span class='ocrx_word' id='word_1_124' title='bbox 806 1865 984 1929; x_wconf 85' lang='lat' dir='ltr'>mercedem</span> <span class='ocrx_word' id='word_1_125' title='bbox 1006 1885 1107 1941; x_wconf 88' lang='lat' dir='ltr'>auam,</span> <span class='ocrx_word' id='word_1_126' title='bbox 1134 1885 1194 1928; x_wconf 91' lang='lat' dir='ltr'>nec</span> <span class='ocrx_word' id='word_1_127' title='bbox 1216 1863 1302 1948; x_wconf 89' lang='lat' dir='ltr'>quod</span> 
     </span>
     <span class='ocr_line' id='line_1_16' title="bbox 159 1949 1302 2038; baseline -0.001 -24"><span class='ocrx_word' id='word_1_128' title='bbox 159 1973 225 2016; x_wconf 92' lang='lat' dir='ltr'>non</span> <span class='ocrx_word' id='word_1_129' title='bbox 241 1949 313 2038; x_wconf 79' lang='lat' dir='ltr'>[sic]</span> <span class='ocrx_word' id='word_1_130' title='bbox 329 1953 524 2018; x_wconf 84' lang='lat' dir='ltr'>maledicant</span> <span class='ocrx_word' id='word_1_131' title='bbox 538 1953 636 2035; x_wconf 83' lang='lat' dir='ltr'>praed.</span> <span class='ocrx_word' id='word_1_132' title='bbox 654 1961 822 2036; x_wconf 88' lang='lat' dir='ltr'>pastorem,</span> <span class='ocrx_word' id='word_1_133' title='bbox 839 1952 900 2015; x_wconf 90' lang='lat' dir='ltr'>sub</span> <span class='ocrx_word' id='word_1_134' title='bbox 922 1971 1018 2033; x_wconf 89' lang='lat' dir='ltr'>poena</span> <span class='ocrx_word' id='word_1_135' title='bbox 1034 1951 1069 2014; x_wconf 88' lang='lat' dir='ltr'>xl</span> <span class='ocrx_word' id='word_1_136' title='bbox 1080 1951 1118 2028; x_wconf 93' lang='lat' dir='ltr'>d.,</span> <span class='ocrx_word' id='word_1_137' title='bbox 1134 1972 1194 2015; x_wconf 91' lang='lat' dir='ltr'>nec</span> <span class='ocrx_word' id='word_1_138' title='bbox 1216 1949 1302 2034; x_wconf 91' lang='lat' dir='ltr'>quod</span> 
     </span>
     <span class='ocr_line' id='line_1_17' title="bbox 160 2038 1304 2122; baseline 0 -22"><span class='ocrx_word' id='word_1_139' title='bbox 160 2040 294 2103; x_wconf 89' lang='lat' dir='ltr'>veniant</span> <span class='ocrx_word' id='word_1_140' title='bbox 306 2042 341 2102; x_wconf 89' lang='grc'>11</span> <span class='ocrx_word' id='word_1_141' title='bbox 355 2040 386 2103; x_wconf 90' lang='grc'>11</span> <span class='ocrx_word' id='word_1_142' title='bbox 403 2039 488 2116; x_wconf 86' lang='lat' dir='ltr'>Oliff,</span> <span class='ocrx_word' id='word_1_143' title='bbox 500 2041 560 2104; x_wconf 90' lang='lat' dir='ltr'>sub</span> <span class='ocrx_word' id='word_1_144' title='bbox 575 2059 671 2122; x_wconf 88' lang='lat' dir='ltr'>poena</span> <span class='ocrx_word' id='word_1_145' title='bbox 685 2038 721 2102; x_wconf 89' lang='lat' dir='ltr'>xl</span> <span class='ocrx_word' id='word_1_146' title='bbox 730 2039 758 2102; x_wconf 93' lang='lat' dir='ltr'>d.</span> <span class='ocrx_word' id='word_1_147' title='bbox 767 2038 884 2102; x_wconf 87' lang='lat' dir='ltr'>-Dies</span> <span class='ocrx_word' id='word_1_148' title='bbox 900 2038 994 2102; x_wconf 88' lang='lat' dir='ltr'>datus</span> <span class='ocrx_word' id='word_1_149' title='bbox 1007 2045 1055 2102; x_wconf 88' lang='lat' dir='ltr'>est</span> <span class='ocrx_word' id='word_1_150' title='bbox 1066 2039 1088 2102; x_wconf 85' lang='lat' dir='ltr'><strong>J</strong></span> <span class='ocrx_word' id='word_1_151' title='bbox 1091 2039 1140 2103; x_wconf 92' lang='lat' dir='ltr'>oh.</span> <span class='ocrx_word' id='word_1_152' title='bbox 1153 2039 1304 2103; x_wconf 87' lang='lat' dir='ltr'>Webster</span> 
     </span>
     <span class='ocr_line' id='line_1_18' title="bbox 158 2125 1303 2208; baseline -0.002 -19"><span class='ocrx_word' id='word_1_153' title='bbox 158 2126 201 2189; x_wconf 89' lang='grc'>(11</span> <span class='ocrx_word' id='word_1_154' title='bbox 216 2126 351 2189; x_wconf 84' lang='lat' dir='ltr'>Chiltcn</span> <span class='ocrx_word' id='word_1_155' title='bbox 366 2127 407 2190; x_wconf 90' lang='lat' dir='ltr'>ad</span> <span class='ocrx_word' id='word_1_156' title='bbox 422 2127 556 2190; x_wconf 86' lang='lat' dir='ltr'>faciend</span> <span class='ocrx_word' id='word_1_157' title='bbox 571 2125 677 2208; x_wconf 87' lang='lat' dir='ltr'>legem</span> <span class='ocrx_word' id='word_1_158' title='bbox 696 2146 789 2190; x_wconf 89' lang='lat' dir='ltr'>suam</span> <span class='ocrx_word' id='word_1_159' title='bbox 805 2125 844 2188; x_wconf 89' lang='lat' dir='ltr'>de</span> <span class='ocrx_word' id='word_1_160' title='bbox 860 2146 896 2189; x_wconf 93' lang='lat' dir='ltr'>eo</span> <span class='ocrx_word' id='word_1_161' title='bbox 919 2125 1006 2208; x_wconf 91' lang='lat' dir='ltr'>quod</span> <span class='ocrx_word' id='word_1_162' title='bbox 1021 2146 1085 2188; x_wconf 93' lang='lat' dir='ltr'>non</span> <span class='ocrx_word' id='word_1_163' title='bbox 1101 2125 1198 2190; x_wconf 85' lang='lat' dir='ltr'>debet</span> <span class='ocrx_word' id='word_1_164' title='bbox 1212 2125 1303 2188; x_wconf 92' lang='lat' dir='ltr'>Will.</span> 
     </span>
     <span class='ocr_line' id='line_1_19' title="bbox 159 2212 1306 2297; baseline 0.001 -22"><span class='ocrx_word' id='word_1_165' title='bbox 159 2213 201 2276; x_wconf 91' lang='lat' dir='ltr'>de</span> <span class='ocrx_word' id='word_1_166' title='bbox 218 2214 404 2297; x_wconf 87' lang='lat' dir='ltr'>Merington</span> <span class='ocrx_word' id='word_1_167' title='bbox 419 2214 451 2296; x_wconf 90' lang='lat' dir='ltr'>vj</span> <span class='ocrx_word' id='word_1_168' title='bbox 467 2213 562 2277; x_wconf 89' lang='lat' dir='ltr'>ulnas</span> <span class='ocrx_word' id='word_1_169' title='bbox 585 2213 685 2296; x_wconf 89' lang='lat' dir='ltr'>panni</span> <span class='ocrx_word' id='word_1_170' title='bbox 706 2213 786 2276; x_wconf 89' lang='lat' dir='ltr'>linei</span> <span class='ocrx_word' id='word_1_171' title='bbox 801 2233 874 2295; x_wconf 83' lang='lat' dir='ltr'>quac</span> <span class='ocrx_word' id='word_1_172' title='bbox 889 2212 951 2276; x_wconf 91' lang='lat' dir='ltr'>sibi</span> <span class='ocrx_word' id='word_1_173' title='bbox 973 2212 1151 2296; x_wconf 88' lang='lat' dir='ltr'>adjudicati</span> <span class='ocrx_word' id='word_1_174' title='bbox 1172 2214 1306 2277; x_wconf 85' lang='lat' dir='ltr'>suerunt</span> 
     </span>
     <span class='ocr_line' id='line_1_20' title="bbox 162 2299 1304 2384; baseline 0 -22"><span class='ocrx_word' id='word_1_175' title='bbox 162 2321 219 2381; x_wconf 92' lang='lat' dir='ltr'>per</span> <span class='ocrx_word' id='word_1_176' title='bbox 242 2301 421 2376; x_wconf 86' lang='lat' dir='ltr'>arbitrium,</span> <span class='ocrx_word' id='word_1_177' title='bbox 437 2300 479 2363; x_wconf 89' lang='lat' dir='ltr'>ad</span> <span class='ocrx_word' id='word_1_178' title='bbox 501 2321 588 2384; x_wconf 86' lang='lat' dir='ltr'>prox.</span> <span class='ocrx_word' id='word_1_179' title='bbox 605 2320 669 2363; x_wconf 92' lang='lat' dir='ltr'>cur.</span> <span class='ocrx_word' id='word_1_180' title='bbox 686 2321 761 2364; x_wconf 92' lang='lat' dir='ltr'>cum</span> <span class='ocrx_word' id='word_1_181' title='bbox 776 2300 834 2382; x_wconf 64' lang='lat' dir='ltr'>vjtl</span> <span class='ocrx_word' id='word_1_182' title='bbox 851 2320 961 2376; x_wconf 90' lang='lat' dir='ltr'>manu,</span> <span class='ocrx_word' id='word_1_183' title='bbox 975 2300 1057 2384; x_wconf 88' lang='lat' dir='ltr'>plcg,</span> <span class='ocrx_word' id='word_1_184' title='bbox 1080 2300 1120 2364; x_wconf 92' lang='grc'>11</span> <span class='ocrx_word' id='word_1_185' title='bbox 1138 2300 1208 2384; x_wconf 83' lang='lat' dir='ltr'>lege</span> <span class='ocrx_word' id='word_1_186' title='bbox 1230 2300 1253 2363; x_wconf 83' lang='lat' dir='ltr'><strong>J</strong></span> <span class='ocrx_word' id='word_1_187' title='bbox 1255 2299 1304 2363; x_wconf 91' lang='lat' dir='ltr'>ob.</span> 
     </span>
     <span class='ocr_line' id='line_1_21' title="bbox 162 2386 1304 2470; baseline 0 -20"><span class='ocrx_word' id='word_1_188' title='bbox 162 2387 404 2450; x_wconf 83' lang='lat' dir='ltr'>Smitlr.—-Dies</span> <span class='ocrx_word' id='word_1_189' title='bbox 417 2388 512 2451; x_wconf 87' lang='lat' dir='ltr'>datus</span> <span class='ocrx_word' id='word_1_190' title='bbox 527 2386 675 2451; x_wconf 89' lang='lat' dir='ltr'>estWill.</span> <span class='ocrx_word' id='word_1_191' title='bbox 692 2387 732 2450; x_wconf 89' lang='lat' dir='ltr'>de</span> <span class='ocrx_word' id='word_1_192' title='bbox 749 2388 825 2461; x_wconf 88' lang='lat' dir='ltr'>Hct,</span> <span class='ocrx_word' id='word_1_193' title='bbox 840 2387 927 2470; x_wconf 91' lang='lat' dir='ltr'>quod</span> <span class='ocrx_word' id='word_1_194' title='bbox 949 2388 1089 2470; x_wconf 87' lang='lat' dir='ltr'>reparari</span> <span class='ocrx_word' id='word_1_195' title='bbox 1103 2387 1202 2452; x_wconf 84' lang='lat' dir='ltr'>faciat</span> <span class='ocrx_word' id='word_1_196' title='bbox 1214 2387 1227 2469; x_wconf 89' lang='lat' dir='ltr'>j</span> <span class='ocrx_word' id='word_1_197' title='bbox 1244 2395 1304 2450; x_wconf 90' lang='lat' dir='ltr'>cot.</span> 
     </span>
     <span class='ocr_line' id='line_1_22' title="bbox 163 2473 1021 2558; baseline 0.003 -23"><span class='ocrx_word' id='word_1_198' title='bbox 163 2473 196 2536; x_wconf 89' lang='grc'>11</span> <span class='ocrx_word' id='word_1_199' title='bbox 212 2483 327 2538; x_wconf 87' lang='lat' dir='ltr'>tenura</span> <span class='ocrx_word' id='word_1_200' title='bbox 342 2474 533 2558; x_wconf 85' lang='lat' dir='ltr'>Margaretae</span> <span class='ocrx_word' id='word_1_201' title='bbox 549 2475 658 2537; x_wconf 86' lang='lat' dir='ltr'>uxoris</span> <span class='ocrx_word' id='word_1_202' title='bbox 674 2495 740 2537; x_wconf 87' lang='lat' dir='ltr'>suae</span> <span class='ocrx_word' id='word_1_203' title='bbox 755 2474 836 2537; x_wconf 90' lang='grc'><strong>11111</strong></span> <span class='ocrx_word' id='word_1_204' title='bbox 851 2494 940 2556; x_wconf 90' lang='lat' dir='ltr'>prox.</span> <span class='ocrx_word' id='word_1_205' title='bbox 956 2494 1021 2538; x_wconf 92' lang='lat' dir='ltr'>cur.</span> 
     </span>
    </p>
   </div>
   <div class='ocr_carea' id='block_1_3' title="bbox 160 2646 1306 3164">
    <p class='ocr_par' dir='ltr' id='par_1_6' title="bbox 164 2646 1304 2897">
     <span class='ocr_line' id='line_1_23' title="bbox 208 2646 1303 2729; baseline 0 -19"><span class='ocrx_word' id='word_1_206' title='bbox 208 2652 300 2711; x_wconf 83' lang='lat'><strong>1383.</strong></span> <span class='ocrx_word' id='word_1_207' title='bbox 318 2647 527 2729; x_wconf 79' lang='lat' dir='ltr'>Ill—Apud</span> <span class='ocrx_word' id='word_1_208' title='bbox 543 2646 702 2711; x_wconf 89' lang='lat' dir='ltr'>Hesilden</span> <span class='ocrx_word' id='word_1_209' title='bbox 718 2647 770 2711; x_wconf 90' lang='lat' dir='ltr'>die</span> <span class='ocrx_word' id='word_1_210' title='bbox 785 2647 878 2712; x_wconf 80' lang='lat' dir='ltr'>Jovis</span> <span class='ocrx_word' id='word_1_211' title='bbox 893 2667 980 2729; x_wconf 84' lang='lat' dir='ltr'>prox.</span> <span class='ocrx_word' id='word_1_212' title='bbox 997 2647 1303 2710; x_wconf 79' lang='grc'><strong>11111111111011-</strong></span> 
     </span>
     <span class='ocr_line' id='line_1_24' title="bbox 164 2733 1304 2816; baseline 0.001 -20"><span class='ocrx_word' id='word_1_213' title='bbox 164 2734 320 2798; x_wconf 87' lang='lat' dir='ltr'>versionia</span> <span class='ocrx_word' id='word_1_214' title='bbox 337 2734 368 2797; x_wconf 84' lang='lat' dir='ltr'>S.</span> <span class='ocrx_word' id='word_1_215' title='bbox 384 2734 705 2810; x_wconf 87' lang='grc' dir='ltr'><strong>Ρ1111,1ο1111(11111.</strong></span> <span class='ocrx_word' id='word_1_216' title='bbox 721 2734 843 2798; x_wconf 79' lang='lat' dir='ltr'>Thomu</span> <span class='ocrx_word' id='word_1_217' title='bbox 860 2734 1001 2816; x_wconf 84' lang='lat' dir='ltr'>Corbrig,</span> <span class='ocrx_word' id='word_1_218' title='bbox 1018 2735 1112 2810; x_wconf 84' lang='lat' dir='ltr'>burs,</span> <span class='ocrx_word' id='word_1_219' title='bbox 1126 2733 1249 2798; x_wconf 85' lang='lat' dir='ltr'>Thoma</span> <span class='ocrx_word' id='word_1_220' title='bbox 1264 2734 1304 2797; x_wconf 88' lang='lat' dir='ltr'>de</span> 
     </span>
     <span class='ocr_line' id='line_1_25' title="bbox 164 2821 541 2897; baseline 0 -13"><span class='ocrx_word' id='word_1_221' title='bbox 164 2821 311 2897; x_wconf 84' lang='lat' dir='ltr'>Claxton,</span> <span class='ocrx_word' id='word_1_222' title='bbox 329 2841 393 2884; x_wconf 88' lang='lat' dir='ltr'>sen.</span> <span class='ocrx_word' id='word_1_223' title='bbox 412 2828 444 2885; x_wconf 88' lang='lat' dir='ltr'>et</span> <span class='ocrx_word' id='word_1_224' title='bbox 460 2822 541 2884; x_wconf 88' lang='lat' dir='ltr'>aliis.</span> 
     </span>
    </p>

    <p class='ocr_par' dir='ltr' id='par_1_7' title="bbox 160 2906 1306 3164">
     <span class='ocr_line' id='line_1_26' title="bbox 206 2906 1305 2989; baseline -0.001 -19"><span class='ocrx_word' id='word_1_225' title='bbox 206 2909 441 2971; x_wconf 74' lang='lat' dir='ltr'>Brunxucrmn.</span> <span class='ocrx_word' id='word_1_226' title='bbox 478 2911 501 2972; x_wconf 85' lang='lat' dir='ltr'>J</span> <span class='ocrx_word' id='word_1_227' title='bbox 503 2909 552 2971; x_wconf 91' lang='lat' dir='ltr'>oh.</span> <span class='ocrx_word' id='word_1_228' title='bbox 569 2907 734 2986; x_wconf 88' lang='lat' dir='ltr'>Miryman</span> <span class='ocrx_word' id='word_1_229' title='bbox 757 2928 782 2971; x_wconf 92' lang='lat' dir='ltr'>c.</span> <span class='ocrx_word' id='word_1_230' title='bbox 792 2908 805 2989; x_wconf 88' lang='lat' dir='ltr'>j</span> <span class='ocrx_word' id='word_1_231' title='bbox 822 2927 914 2970; x_wconf 88' lang='lat' dir='ltr'>mess.</span> <span class='ocrx_word' id='word_1_232' title='bbox 931 2907 963 2988; x_wconf 89' lang='lat' dir='ltr'>vj</span> <span class='ocrx_word' id='word_1_233' title='bbox 980 2928 1006 2970; x_wconf 96' lang='grc'>1.</span> <span class='ocrx_word' id='word_1_234' title='bbox 1023 2915 1080 2970; x_wconf 90' lang='grc'><strong>111.</strong></span> <span class='ocrx_word' id='word_1_235' title='bbox 1097 2913 1129 2969; x_wconf 89' lang='grc'>11</span> <span class='ocrx_word' id='word_1_236' title='bbox 1149 2906 1190 2968; x_wconf 88' lang='grc'>11.</span> <span class='ocrx_word' id='word_1_237' title='bbox 1207 2915 1241 2969; x_wconf 87' lang='grc'>11</span> <span class='ocrx_word' id='word_1_238' title='bbox 1263 2906 1305 2969; x_wconf 89' lang='grc'>11.</span> 
     </span>
     <span class='ocr_line' id='line_1_27' title="bbox 161 2993 1305 3077; baseline -0.002 -19"><span class='ocrx_word' id='word_1_239' title='bbox 161 3015 188 3058; x_wconf 90' lang='grc'>1.</span> <span class='ocrx_word' id='word_1_240' title='bbox 204 2995 292 3076; x_wconf 85' lang='lat' dir='ltr'>prati</span> <span class='ocrx_word' id='word_1_241' title='bbox 314 2994 354 3058; x_wconf 91' lang='grc'>11</span> <span class='ocrx_word' id='word_1_242' title='bbox 376 2995 478 3058; x_wconf 88' lang='lat' dir='ltr'>libera</span> <span class='ocrx_word' id='word_1_243' title='bbox 500 3003 585 3057; x_wconf 86' lang='lat' dir='ltr'>terra</span> <span class='ocrx_word' id='word_1_244' title='bbox 600 2993 690 3056; x_wconf 91' lang='lat' dir='ltr'>Will.</span> <span class='ocrx_word' id='word_1_245' title='bbox 708 2995 820 3077; x_wconf 87' lang='lat' dir='ltr'>Barry,</span> <span class='ocrx_word' id='word_1_246' title='bbox 835 3014 922 3057; x_wconf 92' lang='lat' dir='ltr'>nunc</span> <span class='ocrx_word' id='word_1_247' title='bbox 937 2995 1042 3056; x_wconf 86' lang='lat' dir='ltr'>aetatis</span> <span class='ocrx_word' id='word_1_248' title='bbox 1058 3013 1109 3056; x_wconf 89' lang='lat' dir='ltr'>xv.</span> <span class='ocrx_word' id='word_1_249' title='bbox 1126 3012 1305 3076; x_wconf 70' lang='lat' dir='ltr'>amneque</span> 
     </span>
     <span class='ocr_line' id='line_1_28' title="bbox 160 3079 1306 3164; baseline -0.001 -20"><span class='ocrx_word' id='word_1_250' title='bbox 160 3082 202 3144; x_wconf 90' lang='grc'>11</span> <span class='ocrx_word' id='word_1_251' title='bbox 225 3082 357 3164; x_wconf 89' lang='lat' dir='ltr'>plenam</span> <span class='ocrx_word' id='word_1_252' title='bbox 381 3090 510 3145; x_wconf 85' lang='lat' dir='ltr'>aetatem</span> <span class='ocrx_word' id='word_1_253' title='bbox 533 3080 628 3164; x_wconf 84' lang='lat' dir='ltr'>praed.</span> <span class='ocrx_word' id='word_1_254' title='bbox 653 3081 751 3156; x_wconf 92' lang='lat' dir='ltr'>Will.,</span> <span class='ocrx_word' id='word_1_255' title='bbox 773 3081 850 3164; x_wconf 85' lang='lat' dir='ltr'>quia</span> <span class='ocrx_word' id='word_1_256' title='bbox 872 3082 906 3143; x_wconf 94' lang='lat' dir='ltr'>in</span> <span class='ocrx_word' id='word_1_257' title='bbox 929 3080 1036 3144; x_wconf 86' lang='lat' dir='ltr'>warda</span> <span class='ocrx_word' id='word_1_258' title='bbox 1059 3080 1141 3142; x_wconf 91' lang='lat' dir='ltr'>dom.</span> <span class='ocrx_word' id='word_1_259' title='bbox 1166 3079 1306 3160; x_wconf 89' lang='lat' dir='ltr'>Prioris;</span> 
     </span>
    </p>
   </div>
   <div class='ocr_carea' id='block_1_4' title="bbox 160 3253 1304 4121">
    <p class='ocr_par' dir='ltr' id='par_1_8' title="bbox 160 3253 1304 4121">
     <span class='ocr_line' id='line_1_29' title="bbox 162 3253 1303 3339; baseline 0 -21"><span class='ocrx_word' id='word_1_260' title='bbox 162 3255 330 3319; x_wconf 88' lang='lat' dir='ltr'>sciendum</span> <span class='ocrx_word' id='word_1_261' title='bbox 352 3257 439 3339; x_wconf 89' lang='lat' dir='ltr'>quod</span> <span class='ocrx_word' id='word_1_262' title='bbox 461 3256 557 3339; x_wconf 86' lang='lat' dir='ltr'>praed.</span> <span class='ocrx_word' id='word_1_263' title='bbox 581 3255 603 3318; x_wconf 84' lang='lat' dir='ltr'><strong>J</strong></span> <span class='ocrx_word' id='word_1_264' title='bbox 605 3254 654 3318; x_wconf 90' lang='lat' dir='ltr'>oh.</span> <span class='ocrx_word' id='word_1_265' title='bbox 670 3254 786 3318; x_wconf 87' lang='lat' dir='ltr'>habuit</span> <span class='ocrx_word' id='word_1_266' title='bbox 807 3255 903 3339; x_wconf 90' lang='lat' dir='ltr'>praed.</span> <span class='ocrx_word' id='word_1_267' title='bbox 919 3263 976 3318; x_wconf 87' lang='lat' dir='ltr'>ter.</span> <span class='ocrx_word' id='word_1_268' title='bbox 999 3275 1056 3338; x_wconf 91' lang='lat' dir='ltr'>pro</span> <span class='ocrx_word' id='word_1_269' title='bbox 1071 3255 1102 3336; x_wconf 89' lang='lat' dir='ltr'>vj</span> <span class='ocrx_word' id='word_1_270' title='bbox 1120 3275 1169 3318; x_wconf 91' lang='lat' dir='ltr'>an.</span> <span class='ocrx_word' id='word_1_271' title='bbox 1186 3253 1303 3337; x_wconf 88' lang='lat' dir='ltr'>elapsis</span> 
     </span>
     <span class='ocr_line' id='line_1_30' title="bbox 160 3341 1302 3426; baseline -0.001 -20"><span class='ocrx_word' id='word_1_272' title='bbox 160 3343 232 3406; x_wconf 90' lang='lat' dir='ltr'>sine</span> <span class='ocrx_word' id='word_1_273' title='bbox 254 3342 306 3406; x_wconf 86' lang='lat' dir='ltr'>lic.</span> <span class='ocrx_word' id='word_1_274' title='bbox 323 3342 406 3406; x_wconf 90' lang='lat' dir='ltr'>dom.</span> <span class='ocrx_word' id='word_1_275' title='bbox 423 3350 456 3406; x_wconf 88' lang='grc'>11</span> <span class='ocrx_word' id='word_1_276' title='bbox 478 3342 576 3406; x_wconf 89' lang='lat' dir='ltr'>solvit</span> <span class='ocrx_word' id='word_1_277' title='bbox 598 3343 621 3404; x_wconf 85' lang='lat' dir='ltr'>J</span> <span class='ocrx_word' id='word_1_278' title='bbox 623 3342 672 3405; x_wconf 92' lang='lat' dir='ltr'>oh.</span> <span class='ocrx_word' id='word_1_279' title='bbox 689 3342 841 3426; x_wconf 89' lang='lat' dir='ltr'>Harpour</span> <span class='ocrx_word' id='word_1_280' title='bbox 863 3343 903 3405; x_wconf 88' lang='lat' dir='ltr'>de</span> <span class='ocrx_word' id='word_1_281' title='bbox 926 3341 1075 3424; x_wconf 89' lang='lat' dir='ltr'>Kirkeby</span> <span class='ocrx_word' id='word_1_282' title='bbox 1091 3341 1237 3424; x_wconf 91' lang='lat' dir='ltr'>quolibet</span> <span class='ocrx_word' id='word_1_283' title='bbox 1252 3362 1302 3405; x_wconf 92' lang='lat' dir='ltr'>an.</span> 
     </span>
     <span class='ocr_line' id='line_1_31' title="bbox 162 3428 1303 3512; baseline -0.002 -19"><span class='ocrx_word' id='word_1_284' title='bbox 162 3429 258 3512; x_wconf 88' lang='lat' dir='ltr'>xiiijs</span> <span class='ocrx_word' id='word_1_285' title='bbox 283 3430 404 3512; x_wconf 87' lang='lat' dir='ltr'>absque</span> <span class='ocrx_word' id='word_1_286' title='bbox 426 3429 579 3492; x_wconf 88' lang='lat' dir='ltr'>mandato</span> <span class='ocrx_word' id='word_1_287' title='bbox 595 3428 677 3492; x_wconf 93' lang='lat' dir='ltr'>dom.</span> <span class='ocrx_word' id='word_1_288' title='bbox 702 3429 830 3504; x_wconf 82' lang='lat' dir='ltr'>Primis,</span> <span class='ocrx_word' id='word_1_289' title='bbox 853 3435 926 3492; x_wconf 89' lang='lat' dir='ltr'>terr.</span> <span class='ocrx_word' id='word_1_290' title='bbox 949 3428 1003 3492; x_wconf 90' lang='lat' dir='ltr'>vel</span> <span class='ocrx_word' id='word_1_291' title='bbox 1029 3449 1115 3493; x_wconf 83' lang='lat' dir='ltr'>sen:</span> <span class='ocrx_word' id='word_1_292' title='bbox 1137 3429 1208 3492; x_wconf 92' lang='lat' dir='ltr'>ideo</span> <span class='ocrx_word' id='word_1_293' title='bbox 1231 3449 1303 3492; x_wconf 90' lang='lat' dir='ltr'>con·</span> 
     </span>
     <span class='ocr_line' id='line_1_32' title="bbox 160 3515 1303 3599; baseline -0.001 -20"><span class='ocrx_word' id='word_1_294' title='bbox 160 3516 339 3580; x_wconf 87' lang='lat' dir='ltr'>sideratunr</span> <span class='ocrx_word' id='word_1_295' title='bbox 363 3521 413 3579; x_wconf 87' lang='lat' dir='ltr'>est</span> <span class='ocrx_word' id='word_1_296' title='bbox 441 3517 528 3599; x_wconf 89' lang='lat' dir='ltr'>quod</span> <span class='ocrx_word' id='word_1_297' title='bbox 558 3516 735 3579; x_wconf 83' lang='lat' dir='ltr'>satisfaciet</span> <span class='ocrx_word' id='word_1_298' title='bbox 760 3517 841 3579; x_wconf 94' lang='lat' dir='ltr'>dom.</span> <span class='ocrx_word' id='word_1_299' title='bbox 868 3515 979 3592; x_wconf 86' lang='lat' dir='ltr'>Priori,</span> <span class='ocrx_word' id='word_1_300' title='bbox 994 3536 1052 3599; x_wconf 86' lang='lat' dir='ltr'>pro</span> <span class='ocrx_word' id='word_1_301' title='bbox 1074 3515 1169 3598; x_wconf 86' lang='lat' dir='ltr'>praed.</span> <span class='ocrx_word' id='word_1_302' title='bbox 1192 3515 1224 3598; x_wconf 90' lang='lat' dir='ltr'>vj</span> <span class='ocrx_word' id='word_1_303' title='bbox 1253 3537 1303 3578; x_wconf 90' lang='lat' dir='ltr'>an.</span> 
     </span>
     <span class='ocr_line' id='line_1_33' title="bbox 160 3601 1304 3686; baseline -0.002 -20"><span class='ocrx_word' id='word_1_304' title='bbox 160 3602 414 3686; x_wconf 82' lang='lat' dir='ltr'>elapsis-Dies</span> <span class='ocrx_word' id='word_1_305' title='bbox 445 3604 540 3666; x_wconf 87' lang='lat' dir='ltr'>datus</span> <span class='ocrx_word' id='word_1_306' title='bbox 569 3608 618 3666; x_wconf 88' lang='lat' dir='ltr'>est</span> <span class='ocrx_word' id='word_1_307' title='bbox 647 3603 758 3666; x_wconf 86' lang='lat' dir='ltr'>Thom.</span> <span class='ocrx_word' id='word_1_308' title='bbox 788 3602 930 3666; x_wconf 82' lang='lat' dir='ltr'>bernario</span> <span class='ocrx_word' id='word_1_309' title='bbox 960 3601 1000 3666; x_wconf 94' lang='lat' dir='ltr'>de</span> <span class='ocrx_word' id='word_1_310' title='bbox 1025 3601 1232 3686; x_wconf 87' lang='lat' dir='ltr'>Billyngham</span> <span class='ocrx_word' id='word_1_311' title='bbox 1263 3602 1304 3664; x_wconf 91' lang='lat' dir='ltr'>ad</span> 
     </span>
     <span class='ocr_line' id='line_1_34' title="bbox 163 3687 1301 3774; baseline -0.003 -20"><span class='ocrx_word' id='word_1_312' title='bbox 163 3690 298 3754; x_wconf 84' lang='lat' dir='ltr'>laciend</span> <span class='ocrx_word' id='word_1_313' title='bbox 315 3689 418 3774; x_wconf 88' lang='lat' dir='ltr'>legem</span> <span class='ocrx_word' id='word_1_314' title='bbox 441 3710 533 3753; x_wconf 89' lang='lat' dir='ltr'>suam</span> <span class='ocrx_word' id='word_1_315' title='bbox 555 3689 597 3752; x_wconf 90' lang='lat' dir='ltr'>ad</span> <span class='ocrx_word' id='word_1_316' title='bbox 620 3709 707 3772; x_wconf 91' lang='lat' dir='ltr'>prox.</span> <span class='ocrx_word' id='word_1_317' title='bbox 724 3710 788 3752; x_wconf 92' lang='lat' dir='ltr'>cur.</span> <span class='ocrx_word' id='word_1_318' title='bbox 805 3709 879 3752; x_wconf 91' lang='lat' dir='ltr'>cum</span> <span class='ocrx_word' id='word_1_319' title='bbox 902 3687 960 3751; x_wconf 64' lang='lat' dir='ltr'>vita</span> <span class='ocrx_word' id='word_1_320' title='bbox 975 3709 1082 3764; x_wconf 91' lang='lat' dir='ltr'>manu,</span> <span class='ocrx_word' id='word_1_321' title='bbox 1097 3689 1138 3752; x_wconf 87' lang='lat' dir='ltr'>dc</span> <span class='ocrx_word' id='word_1_322' title='bbox 1156 3709 1193 3753; x_wconf 90' lang='lat' dir='ltr'>eo</span> <span class='ocrx_word' id='word_1_323' title='bbox 1216 3689 1301 3770; x_wconf 91' lang='lat' dir='ltr'>quod</span> 
     </span>
     <span class='ocr_line' id='line_1_35' title="bbox 163 3775 1301 3859; baseline -0.002 -20"><span class='ocrx_word' id='word_1_324' title='bbox 163 3797 229 3840; x_wconf 89' lang='lat' dir='ltr'>non</span> <span class='ocrx_word' id='word_1_325' title='bbox 244 3777 322 3840; x_wconf 82' lang='lat' dir='ltr'>lecit</span> <span class='ocrx_word' id='word_1_326' title='bbox 336 3777 588 3840; x_wconf 87' lang='lat' dir='ltr'>convencionem</span> <span class='ocrx_word' id='word_1_327' title='bbox 599 3776 621 3839; x_wconf 85' lang='lat' dir='ltr'><strong>J</strong></span> <span class='ocrx_word' id='word_1_328' title='bbox 623 3776 672 3839; x_wconf 94' lang='lat' dir='ltr'>oh.</span> <span class='ocrx_word' id='word_1_329' title='bbox 687 3776 889 3840; x_wconf 87' lang='lat' dir='ltr'>Saunderson</span> <span class='ocrx_word' id='word_1_330' title='bbox 901 3776 988 3859; x_wconf 94' lang='lat' dir='ltr'>quod</span> <span class='ocrx_word' id='word_1_331' title='bbox 1003 3775 1135 3838; x_wconf 87' lang='lat' dir='ltr'>haberet</span> <span class='ocrx_word' id='word_1_332' title='bbox 1149 3777 1301 3858; x_wconf 88' lang='lat' dir='ltr'>carnemj</span> 
     </span>
     <span class='ocr_line' id='line_1_36' title="bbox 162 3861 1302 3946; baseline -0.001 -19"><span class='ocrx_word' id='word_1_333' title='bbox 162 3864 320 3927; x_wconf 86' lang='lat' dir='ltr'>multonis</span> <span class='ocrx_word' id='word_1_334' title='bbox 343 3864 483 3927; x_wconf 89' lang='lat' dir='ltr'>devorat.</span> <span class='ocrx_word' id='word_1_335' title='bbox 506 3883 563 3946; x_wconf 88' lang='lat' dir='ltr'>per</span> <span class='ocrx_word' id='word_1_336' title='bbox 585 3883 698 3926; x_wconf 88' lang='lat' dir='ltr'>canem</span> <span class='ocrx_word' id='word_1_337' title='bbox 713 3863 808 3946; x_wconf 88' lang='lat' dir='ltr'>praed.</span> <span class='ocrx_word' id='word_1_338' title='bbox 835 3862 921 3938; x_wconf 84' lang='lat' dir='ltr'>Joh,</span> <span class='ocrx_word' id='word_1_339' title='bbox 946 3863 987 3925; x_wconf 88' lang='lat' dir='ltr'>ad</span> <span class='ocrx_word' id='word_1_340' title='bbox 1012 3862 1193 3926; x_wconf 88' lang='lat' dir='ltr'>valenciam</span> <span class='ocrx_word' id='word_1_341' title='bbox 1215 3861 1260 3944; x_wconf 89' lang='lat' dir='ltr'>xij</span> <span class='ocrx_word' id='word_1_342' title='bbox 1272 3862 1302 3926; x_wconf 89' lang='lat' dir='ltr'>d.</span> 
     </span>
     <span class='ocr_line' id='line_1_37' title="bbox 160 3948 1303 4032; baseline -0.001 -18"><span class='ocrx_word' id='word_1_343' title='bbox 160 3950 191 4014; x_wconf 90' lang='lat' dir='ltr'>si</span> <span class='ocrx_word' id='word_1_344' title='bbox 206 3951 390 4015; x_wconf 80' lang='lat' dir='ltr'>etc—Rob.</span> <span class='ocrx_word' id='word_1_345' title='bbox 408 3949 557 4032; x_wconf 86' lang='lat' dir='ltr'>Hardgill</span> <span class='ocrx_word' id='word_1_346' title='bbox 580 3956 613 4013; x_wconf 89' lang='lat' dir='ltr'>ct</span> <span class='ocrx_word' id='word_1_347' title='bbox 628 3951 650 4014; x_wconf 89' lang='lat' dir='ltr'><strong>J</strong></span> <span class='ocrx_word' id='word_1_348' title='bbox 653 3949 701 4013; x_wconf 93' lang='lat' dir='ltr'>oh.</span> <span class='ocrx_word' id='word_1_349' title='bbox 718 3949 760 4012; x_wconf 88' lang='lat' dir='ltr'>fil.</span> <span class='ocrx_word' id='word_1_350' title='bbox 784 3949 877 4014; x_wconf 87' lang='lat' dir='ltr'>Alex.</span> <span class='ocrx_word' id='word_1_351' title='bbox 894 3957 1048 4030; x_wconf 90' lang='lat' dir='ltr'>ceperunt</span> <span class='ocrx_word' id='word_1_352' title='bbox 1070 3948 1303 4013; x_wconf 91' lang='lat' dir='ltr'>columbarium</span> 
     </span>
     <span class='ocr_line' id='line_1_38' title="bbox 162 4036 1303 4121; baseline -0.002 -20"><span class='ocrx_word' id='word_1_353' title='bbox 162 4044 195 4101; x_wconf 92' lang='lat' dir='ltr'>et</span> <span class='ocrx_word' id='word_1_354' title='bbox 209 4037 383 4120; x_wconf 85' lang='lat' dir='ltr'>gardinum</span> <span class='ocrx_word' id='word_1_355' title='bbox 397 4039 538 4121; x_wconf 74' lang='lat' dir='ltr'>grangiae</span> <span class='ocrx_word' id='word_1_356' title='bbox 560 4036 600 4099; x_wconf 90' lang='lat' dir='ltr'>de</span> <span class='ocrx_word' id='word_1_357' title='bbox 617 4036 824 4119; x_wconf 88' lang='lat' dir='ltr'>Billyngham</span> <span class='ocrx_word' id='word_1_358' title='bbox 847 4073 860 4084; x_wconf 94' lang='lat'>-</span> <span class='ocrx_word' id='word_1_359' title='bbox 883 4072 897 4084; x_wconf 93' lang='lat'><strong>·</strong></span> <span class='ocrx_word' id='word_1_360' title='bbox 920 4036 960 4098; x_wconf 89' lang='lat' dir='ltr'>ad</span> <span class='ocrx_word' id='word_1_361' title='bbox 983 4043 1074 4100; x_wconf 86' lang='lat' dir='ltr'>tcrrn.</span> <span class='ocrx_word' id='word_1_362' title='bbox 1098 4036 1133 4099; x_wconf 90' lang='lat' dir='ltr'>ix</span> <span class='ocrx_word' id='word_1_363' title='bbox 1155 4057 1229 4101; x_wconf 89' lang='lat' dir='ltr'>ann.</span> <span class='ocrx_word' id='word_1_364' title='bbox 1252 4074 1265 4084; x_wconf 96' lang='lat'><em>-</em></span> <span class='ocrx_word' id='word_1_365' title='bbox 1290 4075 1303 4086; x_wconf 92' lang='lat'>-</span> 
     </span>
    </p>
   </div>
   <div class='ocr_carea' id='block_1_5' title="bbox 161 4210 1304 4468">
    <p class='ocr_par' dir='ltr' id='par_1_9' title="bbox 161 4210 1304 4468">
     <span class='ocr_line' id='line_1_39' title="bbox 162 4210 1303 4294; baseline 0.001 -21"><span class='ocrx_word' id='word_1_366' title='bbox 162 4211 259 4294; x_wconf 84' lang='lat' dir='ltr'>praed</span> <span class='ocrx_word' id='word_1_367' title='bbox 277 4211 354 4274; x_wconf 87' lang='lat' dir='ltr'>Rob.</span> <span class='ocrx_word' id='word_1_368' title='bbox 372 4218 405 4275; x_wconf 87' lang='lat' dir='ltr'>et</span> <span class='ocrx_word' id='word_1_369' title='bbox 419 4212 442 4273; x_wconf 84' lang='lat' dir='ltr'>J</span> <span class='ocrx_word' id='word_1_370' title='bbox 444 4211 493 4275; x_wconf 93' lang='lat' dir='ltr'>oh.</span> <span class='ocrx_word' id='word_1_371' title='bbox 510 4210 678 4274; x_wconf 91' lang='lat' dir='ltr'>invenient</span> <span class='ocrx_word' id='word_1_372' title='bbox 689 4211 774 4274; x_wconf 90' lang='lat' dir='ltr'>burs.</span> <span class='ocrx_word' id='word_1_373' title='bbox 791 4211 849 4293; x_wconf 92' lang='lat' dir='ltr'>qui</span> <span class='ocrx_word' id='word_1_374' title='bbox 863 4230 921 4293; x_wconf 90' lang='lat' dir='ltr'>pro</span> <span class='ocrx_word' id='word_1_375' title='bbox 930 4217 1028 4293; x_wconf 92' lang='lat' dir='ltr'>temp.</span> <span class='ocrx_word' id='word_1_376' title='bbox 1044 4212 1150 4287; x_wconf 84' lang='lat' dir='ltr'>luerit,</span> <span class='ocrx_word' id='word_1_377' title='bbox 1166 4210 1303 4274; x_wconf 90' lang='lat' dir='ltr'>durante</span> 
     </span>
     <span class='ocr_line' id='line_1_40' title="bbox 161 4295 1304 4382; baseline 0 -20"><span class='ocrx_word' id='word_1_378' title='bbox 161 4305 254 4362; x_wconf 85' lang='lat' dir='ltr'>term.</span> <span class='ocrx_word' id='word_1_379' title='bbox 272 4298 378 4380; x_wconf 79' lang='lat' dir='ltr'>praed,</span> <span class='ocrx_word' id='word_1_380' title='bbox 393 4297 602 4362; x_wconf 88' lang='lat' dir='ltr'>columbellas</span> <span class='ocrx_word' id='word_1_381' title='bbox 618 4297 658 4360; x_wconf 87' lang='grc'>11</span> <span class='ocrx_word' id='word_1_382' title='bbox 674 4296 833 4360; x_wconf 88' lang='lat' dir='ltr'>adventus</span> <span class='ocrx_word' id='word_1_383' title='bbox 851 4297 902 4360; x_wconf 87' lang='lat' dir='ltr'>sui</span> <span class='ocrx_word' id='word_1_384' title='bbox 924 4295 995 4382; x_wconf 76' lang='lat' dir='ltr'>[sic]</span> <span class='ocrx_word' id='word_1_385' title='bbox 1019 4298 1047 4361; x_wconf 85' lang='lat' dir='ltr'>si</span> <span class='ocrx_word' id='word_1_386' title='bbox 1069 4298 1242 4362; x_wconf 87' lang='lat' dir='ltr'>habuerint</span> <span class='ocrx_word' id='word_1_387' title='bbox 1263 4298 1304 4362; x_wconf 89' lang='lat' dir='ltr'>de</span> 
     </span>
     <span class='ocr_line' id='line_1_41' title="bbox 161 4384 1301 4468; baseline 0.001 -20"><span class='ocrx_word' id='word_1_388' title='bbox 161 4384 255 4448; x_wconf 88' lang='lat' dir='ltr'>exitu</span> <span class='ocrx_word' id='word_1_389' title='bbox 278 4385 372 4468; x_wconf 84' lang='lat' dir='ltr'>praed</span> <span class='ocrx_word' id='word_1_390' title='bbox 396 4384 711 4449; x_wconf 72' lang='lat' dir='ltr'>columbarii-liic.</span> <span class='ocrx_word' id='word_1_391' title='bbox 735 4384 880 4460; x_wconf 90' lang='lat' dir='ltr'>Walker,</span> <span class='ocrx_word' id='word_1_392' title='bbox 902 4384 992 4447; x_wconf 88' lang='lat' dir='ltr'>Will.</span> <span class='ocrx_word' id='word_1_393' title='bbox 1016 4385 1301 4462; x_wconf 66' lang='lat' dir='ltr'>romaneium.</span> 
     </span>
    </p>
   </div>
   <div class='ocr_carea' id='block_1_6' title="bbox 158 4486 1305 4651">
    <p class='ocr_par' dir='ltr' id='par_1_10' title="bbox 158 4486 1305 4651">
     <span class='ocr_line' id='line_1_42' title="bbox 194 4486 1305 4586; baseline 0.005 -18"><span class='ocrx_word' id='word_1_394' title='bbox 194 4518 204 4551; x_wconf 93' lang='lat'>¹</span> <span class='ocrx_word' id='word_1_395' title='bbox 222 4519 248 4569; x_wconf 84' lang='lat' dir='ltr'>A</span> <span class='ocrx_word' id='word_1_396' title='bbox 259 4520 363 4570; x_wconf 88' lang='lat' dir='ltr'>similar</span> <span class='ocrx_word' id='word_1_397' title='bbox 373 4519 504 4571; x_wconf 90' lang='lat' dir='ltr'>direction</span> <span class='ocrx_word' id='word_1_398' title='bbox 517 4520 539 4569; x_wconf 93' lang='lat' dir='ltr'>is</span> <span class='ocrx_word' id='word_1_399' title='bbox 552 4520 630 4586; x_wconf 84' lang='lat' dir='ltr'>given</span> <span class='ocrx_word' id='word_1_400' title='bbox 642 4523 671 4570; x_wconf 87' lang='lat' dir='ltr'>to</span> <span class='ocrx_word' id='word_1_401' title='bbox 683 4519 730 4570; x_wconf 87' lang='lat' dir='ltr'>the</span> <span class='ocrx_word' id='word_1_402' title='bbox 742 4522 850 4570; x_wconf 84' lang='lat' dir='ltr'>tenants</span> <span class='ocrx_word' id='word_1_403' title='bbox 861 4519 890 4570; x_wconf 84' lang='lat' dir='ltr'>ol</span> <span class='ocrx_word' id='word_1_404' title='bbox 901 4520 956 4570; x_wconf 87' lang='lat' dir='ltr'>this</span> <span class='ocrx_word' id='word_1_405' title='bbox 967 4519 1016 4570; x_wconf 84' lang='lat' dir='ltr'>vill</span> <span class='ocrx_word' id='word_1_406' title='bbox 1027 4523 1056 4570; x_wconf 84' lang='lat' dir='ltr'>ct</span> <span class='ocrx_word' id='word_1_407' title='bbox 1068 4521 1114 4571; x_wconf 87' lang='lat' dir='ltr'>the</span> <span class='ocrx_word' id='word_1_408' title='bbox 1126 4486 1305 4573; x_wconf 17' lang='lat' dir='ltr'>next-turnus.</span> 
     </span>
     <span class='ocr_line' id='line_1_43' title="bbox 158 4584 797 4651; baseline 0 -13"><span class='ocrx_word' id='word_1_409' title='bbox 158 4584 190 4638; x_wconf 88' lang='lat' dir='ltr'>.It</span> <span class='ocrx_word' id='word_1_410' title='bbox 201 4585 251 4635; x_wconf 78' lang='lat' dir='ltr'>has</span> <span class='ocrx_word' id='word_1_411' title='bbox 263 4590 311 4636; x_wconf 86' lang='lat' dir='ltr'>not</span> <span class='ocrx_word' id='word_1_412' title='bbox 322 4585 389 4636; x_wconf 88' lang='lat' dir='ltr'>been</span> <span class='ocrx_word' id='word_1_413' title='bbox 402 4591 458 4636; x_wconf 85' lang='lat' dir='ltr'>met</span> <span class='ocrx_word' id='word_1_414' title='bbox 468 4585 535 4636; x_wconf 88' lang='lat' dir='ltr'>with</span> <span class='ocrx_word' id='word_1_415' title='bbox 547 4586 575 4635; x_wconf 89' lang='lat' dir='ltr'>in</span> <span class='ocrx_word' id='word_1_416' title='bbox 587 4601 640 4651; x_wconf 86' lang='lat' dir='ltr'>any</span> <span class='ocrx_word' id='word_1_417' title='bbox 652 4585 730 4636; x_wconf 87' lang='lat' dir='ltr'>other</span> <span class='ocrx_word' id='word_1_418' title='bbox 740 4585 797 4638; x_wconf 90' lang='lat' dir='ltr'>vill.</span> 
     </span>
    </p>
   </div>
   <div class='ocr_carea' id='block_1_7' title="bbox 0 0 1622 5212">
    <p class='ocr_par' dir='ltr' id='par_1_11' title="bbox 0 0 1622 5212">
     <span class='ocr_line' id='line_1_44' title="bbox 0 0 1622 5212; baseline 0 0"><span class='ocrx_word' id='word_1_419' title='bbox 0 0 1622 5212; x_wconf 95' lang='lat' dir='ltr'> </span> 
     </span>
    </p>
   </div>
  </div>
 </body>
</html>
