3110 5220
266 574 306 632 28
518 584 677 632 11111111
691 583 872 631 Pareamus
888 555 1128 633 nuuniuuusm.
1307 573 1400 633 1364.

247 762 351 824 prox.
382 741 546 806 (111111111.
574 779 588 787 -
611 780 624 790 -
648 741 731 824 [011.
766 747 804 804 18
836 762 878 804 on
906 741 1024 824 Friday
1051 765 1081 792 =
1109 743 1135 805 F
1161 769 1192 794 =
1223 747 1305 804 1364
1335 742 1400 804 and

304 828 513 978 Wdunsrow.
560 914 611 997 Inj
615 918 749 977 unctum
758 918 807 978 est
819 914 968 977 omnibus
979 915 1166 978 tenentibus
1175 914 1263 977 villae
1275 913 1401 996 nequis

264 1022 374 1065 eorum
389 1001 533 1064 succidet
547 1001 600 1063 vel
615 1006 716 1064 metet
730 1001 862 1064 herbam
885 1021 958 1082 quae
972 1007 1106 1064 vocatur
1128 1003 1222 1076 Bent,
1238 1000 1307 1063 sine
1329 1020 1403 1082 spe·

264 1088 338 1152 ciali
361 1087 513 1150 mandato
535 1087 655 1150 Prioris
674 1087 728 1150 vel
749 1087 883 1150 terrarii.
900 1124 941 1134 --
966 1087 1009 1170 [A
1033 1088 1157 1150 similar
1179 1087 1270 1150 order
1290 1106 1402 1150 occurs

262 1175 365 1238 under
391 1174 539 1257 Shields.]
597 1173 773 1237 Odonellus
798 1172 972 1256 Tayllyour
986 1211 1000 1220 -
1015 1174 1130 1257 -cepit
1151 1175 1165 1256 j
1192 1193 1268 1236 mes.
1295 1180 1327 1236 11
1351 1174 1398 1256 xij

262 1282 351 1326 acras
367 1266 458 1324 terrae
477 1259 516 1322 (11
531 1260 826 1343 Plughswaynland
849 1280 921 1342 quac
942 1260 1108 1324 lohannes
1130 1261 1216 1323 filius
1238 1259 1400 1324 Johannis

265 1347 381 1431 Smyth
396 1352 429 1410 11
450 1347 566 1409 Emma
587 1367 668 1410 uxor
690 1347 759 1429 ejus
780 1347 870 1429 prius
892 1351 1076 1423 tenuerunt,
1091 1353 1129 1410 ut
1144 1347 1184 1410 de
1201 1347 1274 1428 jure
1296 1345 1399 1427 ipsius

264 1435 396 1509 Emmae,
422 1454 495 1517 quae
520 1439 614 1516 capta
637 1441 714 1497 sunt
739 1433 775 1494 in
798 1453 898 1496 manu
921 1432 1063 1509 Domini,
1086 1453 1124 1496 eo
1145 1432 1231 1515 quod
1253 1432 1400 1515 praedicti

264 1522 288 1586 J
288 1521 431 1584 ohannes
446 1527 479 1583 et
493 1520 609 1582 Emma
623 1524 822 1583 recesserunt
837 1520 876 1583 (11
891 1520 1044 1601 praedicta
1058 1527 1173 1583 tenura
1188 1526 1219 1582 11
1235 1524 1403 1582 morantur

264 1607 352 1690 apud
379 1606 547 1689 watb’n:
569 1605 704 1670 habend.
728 1644 741 1654 -
764 1645 778 1654 -
801 1605 842 1669 ad
867 1612 956 1669 term.
983 1606 1060 1670 vitae
1086 1627 1152 1670 suae
1174 1644 1188 1652 -
1211 1642 1224 1652 -
1238 1605 1401 1669 .-Ricar-

264 1694 324 1756 dus
336 1693 466 1756 Herlaw
477 1692 568 1756 venit
582 1697 614 1756 et
630 1693 716 1774 cepit
730 1693 787 1775 viij
804 1712 892 1756 acras
907 1698 999 1756 terrae
1013 1693 1052 1756 de
1067 1700 1150 1756 11111
1161 1691 1313 1756 Η1111111’
1326 1711 1400 1774 quae

265 1780 335 1863 [sic]
351 1780 437 1843 idem
452 1779 476 1843 J
476 1779 619 1842 ohannes
634 1784 667 1842 et
680 1780 795 1842 Emma
810 1779 900 1861 prius
914 1784 1090 1842 tenuerunt
1103 1783 1141 1841 ut
1156 1779 1196 1842 de
1208 1780 1280 1862 jure
1295 1778 1400 1860 ipsius

264 1868 397 1943 Emmae,
411 1887 483 1950 quae
505 1871 607 1948 oaptae
622 1871 699 1929 sunt
713 1865 748 1928 in
763 1885 896 1928 manum
910 1865 1045 1929 Domini
1060 1885 1211 1930 excausa
1228 1864 1399 1947 praedicta:

264 1953 399 2018 habend’
429 1991 442 2002 ·
473 1990 486 1999 -
516 1953 557 2016 ad
590 1958 680 2016 term.
712 1953 790 2015 vitae
823 1972 889 2016 suae
918 1989 931 2000 -
958 1989 980 2016 -.
1006 1991 1049 2000 —
1068 1953 1119 2015 De
1148 1954 1170 2016 J
1173 1952 1298 2015 ohanne
1330 1950 1399 2013 filio

263 2040 423 2106 Johannis
446 2038 563 2121 Smyth
585 2039 755 2102 etEmma
775 2059 874 2102 uxore
897 2039 966 2120 ejus
988 2059 1045 2121 pro
1068 2039 1124 2122 viij
1142 2039 1223 2102 acris
1244 2043 1335 2101 terrae
1358 2037 1399 2100 de

264 2133 350 2190 terra
372 2125 490 2189 Hostil'
506 2126 546 2188 (11
570 2125 699 2207 dampn’
715 2124 887 2207 adjudicst'
901 2145 959 2208 per
976 2126 1039 2208 jur'
1056 2131 1100 2190 3s.
1146 2125 1189 2188 Et
1212 2143 1399 2188 concessum

264 2219 314 2277 est
327 2232 384 2295 per
397 2212 577 2275 Tenarium
592 2211 678 2294 quod
693 2212 849 2275 Ricardus
865 2212 917 2275 del
932 2211 1078 2275 Hertlaw
1092 2211 1224 2275 habebit
1238 2210 1279 2274 ad
1290 2230 1398 2274 emen-

264 2299 432 2362 dacionem
445 2303 544 2361 terrae.

308 2384 481 2448 Scflutnns
528 2384 715 2466 Injunctum
732 2389 781 2448 est
799 2384 1027 2448 brasiatoribus
1044 2384 1096 2448 del
1119 2384 1260 2449 Schelles
1283 2383 1399 2466 nequis

265 2493 374 2536 eorum
389 2470 536 2535 vendunt
549 2471 618 2554 [sic]
633 2470 780 2554 lagenam
796 2472 940 2535 cervisiae
955 2471 1041 2535 ultra
1059 2472 1106 2536 1(1.
1123 2472 1172 2535 ob.
1187 2509 1201 2520 ·
1216 2509 1230 2518 -

306 2558 593 2621 Wusr-erwrow.
650 2558 839 2641 Inquiratur
865 2558 904 2620 de
929 2558 1080 2641 capcione
1108 2559 1206 2621 unius
1233 2557 1349 2640 cotagii
1375 2578 1398 2619 v

264 2665 409 2708 acrarum
432 2649 525 2708 terrae
549 2644 712 2726 quondam
737 2645 773 2707 in
798 2650 912 2708 tenura
936 2645 1014 2708 Edae
1044 2645 1167 2727 Giblyn
1193 2644 1331 2727 [Gibson
1360 2644 1398 2706 c'u

266 2737 358 2806 1364,
374 2731 453 2814 ΙΙΙ.]
470 2751 542 2813 quae
556 2732 579 2794 J
581 2732 725 2796 ohannes
740 2730 793 2795 dcl
806 2731 905 2794 Wraa
919 2731 1005 2814 cepit
1019 2732 1145 2814 xxxviij
1169 2732 1262 2794 annis
1278 2730 1396 2815 elapsis

264 2823 302 2881 ut
317 2817 405 2892 dicit,
419 2817 504 2881 redd.
521 2837 578 2900 pro
593 2818 742 2901 operibus
756 2838 787 2900 p.
805 2839 831 2881 a.
849 2823 893 2881 6s.
909 2823 947 2880 ut
962 2817 1029 2901 [sic]
1046 2818 1169 2881 solebat
1182 2817 1313 2881 reddere
1327 2839 1357 2899 p.
1369 2838 1397 2880 a.

268 2911 330 2968 10s.
356 2904 406 2968 ad.
428 2924 486 2987 pro
508 2904 664 2986 operibus.
710 2904 788 2967 Ideo
811 2905 1028 2968 scrutinentur
1050 2904 1163 2967 Rotuli
1184 2904 1223 2968 de
1246 2904 1398 2986 capcione

264 2992 369 3073 hujus.
382 3028 423 3039 -
437 2991 627 3075 Injunctum
649 2997 698 3055 est
719 2990 907 3054 tenentibus
928 2991 1024 3054 istius
1039 2991 1107 3053 vill’
1123 2996 1156 3054 et
1177 2991 1264 3054 villae
1277 2991 1318 3055 de
1339 2991 1400 3054 Est

263 3079 416 3161 Raynton
428 3079 514 3160 quod
529 3077 677 3161 distringi
692 3077 813 3140 faciant
828 3077 935 3140 averia
949 3077 1131 3140 tenentium
1142 3077 1182 3140 de
1193 3078 1252 3150 Est
1263 3078 1398 3141 Murton

264 3165 387 3246 depast'
400 3164 544 3246 ceparale
558 3164 694 3227 Domini
709 3164 827 3227 Prioris
843 3170 875 3227 11
889 3169 1037 3246 pasturas
1053 3165 1235 3227 tenentium
1250 3201 1263 3211 -
1279 3201 1292 3212 ·

307 3251 536 3313 Ρ1111111111.
592 3251 793 3332 Praeceptum
819 3249 1053 3314 111111111111
1074 3271 1173 3314 manu
1198 3249 1333 3313 Domini
1356 3250 1398 3314 ad

264 3336 396 3398 ultimos
412 3335 582 3399 Halmotos
594 3337 607 3419 j
619 3337 818 3418 mesuagium
828 3341 861 3400 et
872 3357 917 3398 xx
933 3357 1020 3400 acras
1031 3342 1123 3400 tcrrae
1138 3358 1210 3419 quae
1218 3337 1350 3400 1111111
1360 3337 1397 3400 in

261 3429 378 3486 tenura
392 3422 527 3505 Bonagii
538 3422 696 3484 Moneour
710 3442 746 3486 eo
762 3423 848 3505 quod
862 3423 1028 3506 elongatus
1043 3428 1092 3486 est
1107 3431 1197 3487 extra
1211 3423 1349 3506 patriam
1364 3429 1398 3486 11

262 3507 443 3572 1111111111
451 3508 643 3590 praedictum
654 3509 852 3592 mesuagium
864 3516 896 3572 et
904 3515 1023 3573 terram
1032 3510 1100 3573 sine
1111 3510 1246 3574 licencia
1254 3510 1398 3587 Domini,

264 3601 296 3660 et
311 3594 412 3658 eciam
427 3595 468 3657 ad
483 3595 617 3658 sesiend'
628 3600 792 3658 vesturam
802 3595 946 3679 ejusdem
961 3602 1052 3660 terrac
1063 3617 1120 3678 pro
1132 3596 1210 3659 firm'
1223 3603 1255 3660 et
1267 3597 1396 3678 dampn'

263 3683 336 3745 fact'
351 3682 387 3744 in
406 3680 549 3745 aedificiis
570 3681 717 3765 praedicti
737 3683 900 3766 mesuagii.
944 3684 988 3746 Et
1007 3683 1156 3746 dominus
1178 3683 1333 3746 Ricardus
1357 3683 1398 3746 de

264 3769 388 3852 Birtely
402 3789 505 3850 nuper
519 3768 688 3832 Bursarius
711 3769 796 3851 cepit
812 3769 1017 3833 securitatem
1032 3769 1072 3832 de
1090 3769 1243 3852 praedicta
1256 3775 1397 3834 1111111.

265 3857 342 3920 Ideo
371 3855 554 3939 inquiratur
583 3855 624 3918 ad
652 3875 741 3938 prox.
765 3855 805 3919 de
833 3857 941 3919 valore
969 3863 1115 3920 vesturae.
1158 3857 1202 3919 Et
1231 3857 1398 3920 sciendum

262 3947 311 4006 111
326 3942 413 4024 quod
428 3943 586 4006 Robertus
601 3941 687 4005 filius
709 3943 838 4006 Thomas
854 3949 887 4005 et
900 3944 923 4007 J
925 3942 1066 4005 ohannes
1089 3943 1247 4006 Punchon
1262 3943 1398 4006 devene-

263 4036 340 4091 runt
354 4028 435 4111 pleg.
451 4028 586 4112 Bonagii
601 4029 640 4092 de
656 4027 806 4111 capcione
821 4028 967 4111 praedicti
989 4029 1133 4112 Bonagii.
1178 4029 1300 4112 [David
1315 4045 1347 4092 11.
1364 4030 1401 4092 of

264 4113 416 4178 Scotland
437 4133 527 4178 came
549 4116 618 4176 into
640 4114 789 4198 England
811 4116 847 4177 in
868 4118 942 4181 Jan.
962 4120 1053 4188 1364,
1069 4116 1133 4178 and
1154 4115 1189 4177 in
1211 4115 1263 4179 his
1279 4116 1396 4179 Cham-

263 4199 387 4264 berlain
416 4198 505 4263 Rolls
532 4199 662 4263 1111111
689 4222 774 4282 year,
803 4202 823 4265 i.
852 4203 924 4278 401,
953 4201 1114 4284 Bonagius
1144 4222 1254 4265 occurs
1280 4223 1315 4265 as
1344 4202 1396 4267 his

263 4305 421 4367 moncycr.
467 4286 519 4350 He
535 4306 600 4349 was
616 4286 651 4349 of
668 4286 830 4362 Florence,
845 4289 909 4351 and
924 4288 1081 4371 engraved
1104 4288 1161 4352 the
1175 4289 1262 4352 irons
1277 4289 1328 4352 for
1340 4290 1398 4353 the

264 4371 405 4437 Scottish
430 4373 569 4456 coinage,
595 4392 637 4435 on
660 4373 767 4436 which
793 4374 844 4438 his
870 4375 997 4438 labours
1027 4375 1187 4438 extended
1216 4375 1264 4438 for
1293 4375 1398 4460 thirty

262 4479 355 4543 years
380 4458 445 4539 (see
467 4460 563 4522 Num.
590 4458 700 4523 Obroo.
723 4459 779 4523 xii.
802 4461 841 4523 N.
867 4462 896 4524 S.
915 4461 991 4544 87);
1012 4461 1108 4524 while
1130 4461 1165 4523 in
1187 4461 1336 4544 England
1356 4462 1398 4526 he

263 4545 370 4610 would
392 4545 547 4629 probably
563 4545 672 4609 bathe
694 4546 813 4610 minter
826 4547 875 4610 for
891 4548 1011 4631 Bishop
1027 4547 1171 4612 Hatfield
1186 4549 1222 4611 of
1239 4549 1398 4626 Durham,
