3224 5212
170 567 259 632 1382,
433 578 1043 628 unanorararoanrusnonnannrsrs.
1245 571 1305 630 175

166 735 273 806 inerit,
290 735 337 798 ita
352 735 439 818 quod
463 735 573 800 nullus
596 735 715 801 habeat
730 737 899 802 materiam
920 737 1089 802 recedendi
1104 737 1145 803 de
1168 738 1305 805 molend.

166 822 296 898 Priona,
312 823 373 886 sub
389 844 485 905 poena
501 844 545 886 xx
557 844 581 887 e.

209 909 415 991 Praeceptum
429 917 479 973 eat
490 911 667 974 attachiare
683 912 816 974 Petrum
828 911 871 975 fil.
885 911 1016 975 Ricardi
1024 911 1066 976 ad
1080 913 1254 978 assandum
1265 914 1307 978 ad

165 995 306 1060 liberam
321 995 392 1083 [aio]
409 1018 446 1060 eo
462 998 549 1079 quod
563 997 673 1062 noluit
687 1004 799 1062 tenere
814 999 986 1062 hirsillum.

212 1175 306 1233 1382.
332 1171 508 1234 Ila-rra
530 1171 668 1252 madtaq
691 1172 758 1235 aad
776 1173 853 1254 first
872 1173 1000 1255 portion
1022 1175 1059 1255 os
1076 1175 1139 1236 thia
1160 1175 1234 1238 Iron
1256 1197 1310 1238 ara

163 1277 248 1338 yona
299 1258 515 1340 Thafiratoa'll
536 1259 682 1322 witichis
703 1260 879 1322 mentioned
901 1262 930 1322 a'a
946 1260 1079 1343 Oonpon.
1123 1261 1172 1324 At
1195 1263 1243 1325 the
1259 1270 1309 1344 top

167 1344 205 1426 af
229 1345 315 1407 what
344 1347 484 1408 reavraa'aa
509 1348 547 1429 of
568 1347 617 1408 tho
641 1345 714 1409 aaz
743 1348 773 1409 ia
801 1347 927 1410 written
952 1349 990 1410 ia
1019 1369 1040 1410 a
1066 1350 1194 1412 modern
1219 1350 1309 1413 baad

166 1437 183 1462 “
197 1432 335 1494 Halmot
352 1433 462 1495 1382.''

211 1519 355 1581 Codron.
397 1520 418 1582 J
421 1520 557 1595 ohanna,
568 1519 682 1584 relicta
691 1520 770 1584 Rob.
784 1520 827 1584 fil.
840 1520 932 1596 Adae,
944 1522 1031 1604 cepit
1044 1527 1145 1586 totam
1158 1529 1307 1587 tenuram

164 1604 225 1667 ult.
243 1606 279 1666 in
302 1612 365 1668 ten.
389 1607 484 1688 praed.
501 1606 594 1686 Rob.;
617 1607 752 1670 habead.
775 1607 816 1671 ad
832 1614 923 1672 term.
941 1609 1018 1672 vitae
1040 1630 1107 1672 suae
1129 1617 1167 1672 ut
1182 1610 1307 1694 dejure

165 1692 294 1771 viduae;
315 1692 400 1756 redd.
413 1715 470 1775 pro
487 1692 580 1758 hond,
595 1703 691 1776 prout
705 1694 801 1776 praed.
819 1695 896 1758 Rob.
914 1696 1004 1778 prius
1019 1696 1161 1760 reddidit
1172 1704 1205 1760 et
1221 1698 1306 1773 iecit,

166 1786 200 1842 et
215 1799 274 1860 pro
291 1780 369 1862 xviij
387 1801 412 1843 a.
430 1791 485 1844 ter.
502 1801 599 1864 super
615 1781 647 1844 le
663 1781 789 1858 Colflat,
804 1789 902 1865 prout
921 1782 943 1844 J
945 1782 995 1846 oh.
1012 1782 1054 1847 fit
1071 1783 1147 1866 Rog.
1164 1785 1250 1866 oepit
1265 1785 1307 1849 ad

165 1866 311 1929 solvend.
333 1903 346 1913 -
369 1905 435 1915 --

211 1953 356 2016 Earnna.
403 1955 591 2037 injunctum
616 1961 666 2018 est
692 1955 842 2019 omnibus
865 1962 929 2019 ten.
956 1955 1054 2031 villae,
1076 1956 1163 2040 quod
1193 1957 1305 2022 nullus

166 2059 278 2102 eorum
293 2041 411 2104 ludant
425 2042 465 2103 ad
482 2042 591 2123 pilam,
604 2049 638 2104 et
652 2043 739 2125 quod
754 2042 975 2106 constabilarii
989 2043 1078 2106 villae
1094 2064 1158 2106 non
1173 2045 1306 2126 permit-

165 2132 242 2189 tant
256 2128 396 2210 aliquem
413 2128 523 2191 ludere
539 2129 581 2191 ad
596 2128 695 2211 pilam
710 2130 771 2191 sub
786 2149 882 2212 poena
897 2129 932 2192 xl
943 2150 967 2192 a.
1015 2129 1100 2193 Will.
1113 2131 1166 2194 del
1178 2132 1264 2214 Egge
1280 2153 1306 2196 o.

162 2215 334 2296 jplaoiam
350 2235 424 2277 eum
440 2216 550 2296 forgia,
569 2215 664 2298 juxta
685 2216 810 2279 thorale
826 2217 917 2280 Laui.
934 2216 1073 2293 Humor,
1096 2255 1111 2266 -
1133 2255 1146 2266 -
1169 2218 1305 2284 haband.

167 2302 208 2364 ad
234 2313 324 2365 term.
348 2304 425 2365 vitae
447 2323 531 2380 snae3
553 2302 639 2366 redd.
664 2323 693 2384 p.
710 2324 737 2366 a.
755 2323 811 2366 va.
836 2339 849 2352 ·
872 2341 886 2352 -
915 2303 959 2367 Et
982 2305 1010 2367 si
1033 2305 1199 2387 contingat
1219 2307 1305 2389 quod

166 2388 287 2470 aliquis
303 2389 392 2451 faber
403 2390 494 2451 venit
506 2396 538 2452 et
554 2389 651 2452 habet
665 2390 761 2473 praed.
774 2390 917 2472 forgiam,
929 2391 1108 2455 alooabitur
1122 2390 1193 2479 [sio]
1208 2394 1304 2476 praed.

167 2475 251 2538 Will
275 2475 320 2557 xij
332 2476 361 2538 d.
378 2477 417 2538 de
434 2477 526 2539 firma
540 2476 635 2558 praed.

213 2563 313 2625 Fnav.
358 2563 438 2627 Dies
453 2564 548 2628 datus
565 2564 632 2627 Rio.
650 2564 765 2627 Sonter
780 2563 821 2626 ad
844 2564 980 2628 faoiend.
996 2565 1100 2648 legem
1122 2586 1216 2629 snam
1231 2587 1306 2630 oum

167 2648 230 2732 vjta
244 2671 352 2723 manu,
367 2650 407 2712 de
430 2671 466 2713 eo
489 2651 575 2733 quod
599 2671 702 2733 equus
716 2650 806 2714 Will.
819 2651 975 2716 Addeook
990 2673 1056 2714 non
1072 2653 1136 2716 fuit
1149 2660 1307 2730 mortuus,

168 2757 266 2798 causa
282 2737 446 2819 equitatus
463 2738 570 2800 uxoris
586 2757 659 2801 suae.

214 2824 459 2888 Waaunsnrno.
504 2825 584 2888 Dies
600 2825 695 2887 datus
710 2830 760 2888 est
776 2824 919 2888 Henrioo
934 2825 1099 2889 Dioonaon
1115 2826 1155 2888 ad
1171 2826 1306 2890 faciend.

167 2909 273 2992 legem
286 2931 378 2974 suam
395 2931 468 2973 oum
481 2910 539 2994 vji·
554 2933 661 2986 mauu,
673 2911 713 2974 de
725 2932 762 2975 eo
778 2912 865 2994 quod
880 2913 987 2975 averia
998 2913 1094 2986 villae,
1107 2914 1184 2975 dum
1196 2914 1260 2976 suit
1272 2914 1307 2976 in

169 2998 292 3070 custod,
308 2998 456 3060 fecerunt
478 2999 593 3080 damp.¹
610 2998 817 3080 depascentia
839 2999 966 3082 herbag.
983 3000 1068 3082 apud
1084 2999 1307 3076 Walkerborn,

169 3084 210 3146 ad
227 3084 348 3148 valeuo.
364 3084 409 3166 xij
421 3085 449 3147 d.

213 3171 463 3236 Hnrflnwoarfl.
486 3172 625 3235 Thomas
655 3172 792 3235 Watson
822 3172 909 3255 oepit
938 3193 1005 3236 xxx
1034 3194 1061 3238 a.
1091 3181 1149 3237 ter.
1178 3194 1245 3238 voe.
1276 3173 1308 3238 la

169 3257 366 3340 Brockleys;
388 3259 523 3322 haband.
540 3259 581 3322 ad
597 3265 687 3322 term.
700 3260 784 3335 vitae,
800 3259 846 3322 ita
862 3259 948 3342 quod
963 3260 1064 3324 vicini
1079 3260 1220 3325 habeant
1235 3262 1308 3346 qui-

168 3344 251 3408 libet
266 3367 323 3428 pro
339 3353 430 3428 parte
445 3365 512 3421 aua,
527 3346 615 3409 redd.
632 3367 662 3428 p.
679 3366 705 3408 a.
722 3366 743 3408 v
753 3367 776 3409 s.
799 3383 812 3394 -
835 3382 848 3393 -
870 3381 914 3390 -

215 3430 426 3496 Wnanourr'r.
472 3433 522 3496 De
533 3433 554 3495 J
557 3432 606 3495 oh.
620 3433 788 3515 Chapman
804 3433 881 3515 quia
895 3434 1059 3516 elongavit
1074 3455 1108 3498 se
1119 3435 1159 3498 de
1174 3434 1309 3500 servicio

171 3518 253 3582 Adae
268 3519 393 3592 Joneon
410 3540 467 3601 pro
484 3541 527 3581 xv
543 3521 620 3595 dies,
636 3519 676 3582 ad
693 3521 798 3602 damp.
815 3521 911 3603 praed.
927 3522 1009 3585 Adae
1023 3522 1068 3604 xij
1082 3522 1123 3597 d.,
1138 3522 1170 3604 vj
1181 3522 1210 3586 d.

214 3606 423 3669 vaasrow.
470 3607 661 3688 injunctum
684 3613 734 3670 est
755 3606 906 3670 omuibus
928 3615 993 3674 ten.
1018 3609 1112 3672 istius
1134 3608 1222 3672 villae
1247 3609 1307 3693 [et]

171 3692 274 3756 villat.
288 3694 327 3756 de
341 3693 467 3756 Harton
484 3703 517 3756 et
533 3692 672 3769 Saheles,
681 3693 767 3776 quod
784 3713 849 3756 non
862 3695 981 3758 faciant
993 3715 1091 3758 unam
1104 3715 1307 3759 communem

171 3781 259 3842 viam
275 3780 361 3842 ultra
376 3780 560 3856 Medicroft,
576 3780 636 3843 sub
651 3799 747 3863 poena
762 3779 797 3842 xl
809 3780 837 3842 d.
854 3781 995 3845 solvend.
1011 3789 1070 3845 eta.

142 3933 143 3938 ,
214 3867 365 3931 Damon.
411 3866 647 3930 Concordatum
662 3874 711 3930 est
733 3868 820 3930 inter
833 3868 916 3930 dom.
934 3869 1077 3932 Priorem
1093 3874 1125 3931 et
1140 3867 1222 3932 doin.
1239 3869 1307 3934 Rio.

171 3953 339 4016 Viearium
359 3954 399 4017 de
421 3953 552 4030 Dalion,
576 3954 663 4036 quod
686 3954 781 4037 praed.
803 3954 870 4018 Rio.
895 3956 1056 4038 reparabit
1078 3954 1274 4020 sufficienter
1292 3958 1306 4040 j

171 4060 264 4104 mess,
281 4041 338 4122 etj
355 4043 522 4123 grangiam
537 4062 624 4104 nuno
639 4042 674 4103 in
689 4049 803 4104 tenura
818 4041 841 4104 J
843 4041 891 4104 oh.
905 4042 1081 4126 Langbayn
1096 4082 1109 4094 -
1133 4081 1147 4091 -
1169 4063 1227 4125 pro
1243 4065 1308 4127 qua

170 4127 375 4211 reparacione
397 4128 553 4211 percipiet
575 4129 615 4192 de
637 4128 721 4191 dom.
738 4128 795 4211 xiij
807 4149 830 4192 a.
847 4129 895 4210 iiij
906 4129 945 4203 d.,
959 4137 993 4194 et
1013 4130 1096 4196 doni.
1113 4131 1309 4195 condonavit

170 4215 201 4278 ei
217 4215 249 4297 vj
261 4235 284 4278 s.
308 4215 366 4298 viij
383 4215 412 4277 d.
428 4214 469 4278 de
484 4216 610 4279 duobus
633 4215 897 4291 amerciamentia,
913 4225 946 4280 et
967 4217 1101 4281 habebit
1118 4219 1307 4282 memmium

169 4301 256 4364 infra
278 4303 411 4366 boscum
434 4301 474 4365 de
497 4303 648 4384 Raynton
671 4309 704 4365 et
726 4303 803 4385 virg.
821 4308 854 4366 et
877 4304 1012 4382 wattels,
1027 4305 1140 4382 cabul„
1155 4313 1188 4368 et
1210 4307 1307 4370 ferra-

170 4397 281 4452 menta
297 4396 456 4472 quantum
471 4389 648 4472 indiguerit
670 4389 711 4451 ad
734 4389 879 4474 oustagia
899 4411 958 4454 aua
980 4393 1174 4457 suooidenda
1188 4390 1259 4478 [sia]
1275 4398 1309 4456 at

170 4476 341 4556 carianda3
370 4483 403 4540 et
429 4476 516 4541 idem
546 4477 614 4540 Rio.
638 4476 747 4539 omnia
776 4478 841 4540 alia
867 4480 1052 4564 sumptibus
1079 4480 1145 4543 suis
1169 4479 1308 4562 propriis

169 4562 324 4628 inveniet.
