3224 5212
281 570 343 630 126
540 575 1150 624 HALMOTAPRIORATUSDUNELMENSIS.
1321 563 1412 624 1375.

278 737 391 802 eodem
405 735 547 800 firmorio
562 733 640 818 quia
655 753 721 798 non
743 733 950 798 continentur
971 732 1007 796 in
1028 732 1202 798 indentura
1216 753 1275 798 oua
1292 738 1412 797 tto.-

261 823 434 888 ·Rioanlno
455 822 496 887 da
518 821 715 905 Mcryngton
730 819 853 885 electus
875 825 926 884 eat
939 820 1151 904 praepositum
1174 819 1241 904 [cio]
1262 819 1351 884 villae
1371 820 1412 883 ad

278 910 385 994 collig’
400 909 480 974 finn'
495 912 529 972 ot
540 908 668 991 juratur
685 907 789 972 facere
804 906 865 971 hoo
880 907 968 990 quod
982 906 1024 970 od
1039 906 1247 990 praepositum
1261 907 1411 991 pertinet.

278 1034 322 1045 -
332 994 582 1062 Memorandum
604 993 692 1078 quod
706 994 730 1077 ij
747 995 847 1058 boves
862 1013 945 1077 proc.
965 993 1261 1058 aas.Wi11elmide
1283 994 1411 1058 Norton

277 1083 440 1166 quondam
464 1081 577 1146 vicarii
598 1080 732 1146 fuerunt
754 1080 904 1145 arrestati
925 1080 967 1144 od
989 1081 1183 1164 reparandos
1208 1080 1317 1144 domos
1339 1101 1411 1162 pcr-

276 1170 420 1234 tinentes
435 1167 602 1244 scaccario,
617 1172 650 1232 et
663 1166 855 1231 Willelmus
878 1167 917 1232 de
933 1167 1059 1230 Norton
1081 1167 1167 1231 filius
1182 1166 1235 1250 pd.
1250 1166 1412 1231 Willelmi

277 1257 373 1340 cepit,
389 1260 422 1320 et
436 1254 587 1319 dominus
602 1253 760 1318 Ricarduo
775 1253 816 1319 de
830 1253 1023 1318 Wolucston
1038 1273 1125 1318 nunc
1140 1254 1280 1324 vicarius
1295 1253 1413 1318 habuit

277 1342 300 1426 ij
317 1362 377 1426 eq„
391 1361 473 1425 prce.
493 1346 557 1405 lts.

324 1516 384 1579 137
388 1519 415 1579 t.
431 1511 604 1597 I.-Apud
614 1513 807 1598 Pittington
845 1513 974 1597 [Before
988 1512 1045 1578 tho
1060 1513 1152 1578 Prior
1162 1513 1296 1578 himself
1307 1516 1414 1599 again,

275 1601 333 1666 the
348 1620 436 1665 same
452 1599 591 1665 stoward
605 1601 669 1665 and
683 1600 805 1677 burscr,
819 1599 909 1665 John
922 1600 964 1665 de
978 1599 1083 1676 Elvot,
1097 1601 1162 1665 and
1177 1602 1308 1686 othere]

321 1689 542 1752 Purrnorou
587 1687 702 1752 Petrus
725 1686 843 1770 Smyth
868 1686 957 1770 cepit
978 1707 1081 1750 unum
1102 1687 1299 1773 bondcgium
1313 1687 1374 1753 viz.
1394 1689 1409 1771 j

276 1780 340 1839 ton.
371 1781 405 1840 ct
434 1795 502 1838 xxx
531 1793 620 1838 acrae
648 1779 742 1838 terrae
767 1773 809 1837 de
833 1779 918 1838 terra
944 1773 1189 1838 husbandorum
1214 1794 1286 1858 quae
1312 1776 1412 1860 Hugo

275 1861 384 1925 Vlkill
398 1861 515 1924 ultimo
529 1860 638 1925 tenuit
652 1865 686 1924 ct
700 1860 866 1943 quondam
879 1860 916 1924 in
930 1866 1047 1925 tenura
1065 1860 1089 1925 J
1090 1861 1228 1926 ohannis
1248 1862 1362 1926 Ravcn
1377 1871 1412 1927 et

275 1946 984 2100 liciferdllffilflffilaeffi
998 1947 1411 2117 paltlltnlttttl:

274 2127 377 2186 tatem
401 2128 435 2186 et
459 2122 488 2185 si
518 2141 583 2184 non
613 2119 665 2203 pd.
691 2120 789 2204 Hugo
815 2119 921 2183 Vlkill
949 2124 1099 2184 oneretur
1128 2120 1168 2184 de
1196 2121 1409 2186 firm'.-In·

275 2207 421 2291 quiaioio.
466 2207 677 2291 compertum
703 2213 753 2272 est
775 2227 832 2290 per
853 2211 1091 2271 sacramentum
1115 2207 1164 2291 [of
1186 2208 1303 2272 twelve
1325 2229 1410 2287 men,

275 2293 433 2358 Ricardus
443 2292 614 2376 Wyduson
625 2292 690 2357 and
703 2293 796 2358 John
810 2293 967 2357 Fmeman
977 2313 1095 2377 among
1105 2293 1208 2379 them]
1223 2294 1277 2360 dio
1292 2295 1410 2360 Mortis

274 2400 363 2463 prox.
385 2401 416 2464 p.
439 2379 561 2444 festum
583 2380 720 2444 Nativit
744 2380 774 2444 S.
797 2379 959 2444 Johanuia
977 2380 1069 2464 Bcpt
1084 2396 1148 2444 An.
1164 2381 1352 2446 mccclxxv
1374 2382 1409 2445 in

274 2465 448 2549 praeoencia
469 2465 594 2530 domini
616 2466 749 2530 Robcrti
770 2465 810 2530 de
832 2465 1055 2544 Walleworth‚
1078 2467 1197 2532 Prioris
1221 2468 1307 2552 [etc]
1323 2469 1411 2552 quod

274 2553 412 2618 Thomas
435 2552 521 2616 filius
536 2552 560 2617 J
561 2551 696 2617 ohannis
718 2552 910 2635 Wydouson
933 2553 973 2617 de
987 2553 1247 2638 west-Raynton
1264 2560 1314 2619 est
1328 2555 1411 2619 liber

274 2646 308 2706 at
321 2641 415 2706 liberi
429 2640 498 2725 [sio]
521 2639 719 2704 condicionis
741 2659 779 2703 ao
802 2638 896 2704 libori
911 2646 1017 2705 status
1039 2645 1073 2705 ct
1087 2662 1154 2706 non
1173 2643 1304 2707 nativus
1327 2642 1409 2706 dicti

275 2728 399 2793 domini
410 2727 538 2792 Prioria.

317 2814 489 2879 Wnsr-M'.
519 2812 599 2878 Dies
610 2811 674 2878 dat’
684 2816 735 2878 est
740 2813 803 2896 jur'
814 2813 901 2896 quod
910 2813 1079 2897 inquirant
1088 2820 1122 2880 et
1130 2821 1327 2899 praesentent
1337 2818 1408 2902 [cic]

274 2937 286 2948 -
304 2937 316 2950 -
331 2900 361 2966 oi
372 2900 558 2965 Willelmus
572 2899 659 2965 filius
674 2899 775 2964 Alani
790 2900 918 2984 deposc’
932 2901 998 2964 fuit
1008 2901 1103 2966 bolka
1119 2909 1153 2966 ct
1166 2901 1236 2984 loys
1249 2902 1350 2968 Henr.
1367 2904 1408 2970 dc

273 2986 406 3052 Neuton
427 2987 513 3052 infra
533 2985 618 3050 blad’
640 2986 710 3052 vic’.
726 3020 769 3034 —
784 2987 976 3070 Iujunotum
996 2992 1046 3052 est
1068 2988 1219 3052 omnibus
1240 2993 1303 3054 ten.
1320 2991 1408 3055 villae

273 3074 361 3224 pippd
375 3074 474 3138 arrari
488 3074 611 3138 faciant
628 3093 746 3138 novam
760 3077 877 3138 terram
900 3094 997 3158 super
1017 3074 1049 3139 le
1071 3074 1174 3139 Broks
1189 3081 1222 3139 et
1237 3076 1409 3142 Oxenlaw-

287 3181 304 3224 e

317 3247 474 3312 Cottion.
518 3247 598 3312 Dies
611 3246 700 3330 [etc]
718 3283 731 3294 ·
747 3282 760 3295 ·
774 3267 833 3331 per
847 3252 1007 3330 quantum
1021 3252 1085 3312 ten.
1101 3247 1220 3313 ultimo
1242 3248 1276 3312 in
1291 3255 1409 3315 tenura

272 3333 296 3396 J
297 3332 434 3396 ohannis
450 3333 568 3416 Smyth
583 3333 623 3398 de
638 3333 864 3416 Maynesforth
877 3339 987 3418 potest
1000 3335 1149 3419 reparari.

315 3418 415 3482 anr.
461 3418 651 3500 Injunotum
673 3426 723 3483 est
744 3420 895 3484 omnibus
918 3421 978 3486 cot’
993 3419 1082 3484 villae
1099 3422 1185 3504 quod
1207 3443 1273 3486 non
1295 3423 1410 3488 exient

272 3503 385 3568 villam
400 3503 478 3567 dum
494 3504 595 3587 aliqui
610 3510 674 3569 tan.
690 3505 815 3589 aliquid
830 3506 951 3571 habent
965 3505 1006 3570 ad
1021 3507 1226 3590 operandum.

316 3590 499 3655 Hnfflnonrt.
538 3589 731 3656 Ordinatum
746 3600 798 3658 cot
809 3615 850 3658 cx
866 3593 1030 3656 communi
1044 3613 1179 3658 assensu
1192 3595 1279 3677 quod
1294 3595 1408 3661 nullus

261 3679 359 3762 ‚quod
368 3699 433 3742 non
443 3678 512 3761 [oio]
524 3676 648 3741 intrent
657 3677 726 3762 [cic]
737 3681 839 3763 oomp’
851 3679 915 3744 nisi
926 3679 968 3744 od
977 3680 1085 3744 exitus
1093 3680 1180 3744 villae
1185 3703 1193 3759 ;
1208 3683 1409 3765 etquicquid

271 3765 452 3850 colligerint
467 3765 552 3828 infra
566 3784 719 3847 campum
733 3766 884 3831 differant
898 3786 955 3851 per
969 3765 1098 3830 eosdem
1112 3768 1238 3847 exituo;
1258 3769 1305 3832 ita
1320 3770 1410 3852 quod

271 3852 374 3916 nichil
389 3852 526 3931 celetur;
548 3853 608 3916 sub
623 3871 719 3935 poena
736 3853 807 3916 ltd„
823 3852 965 3918 solvend'
980 3853 1127 3936 qualibet
1140 3853 1211 3918 vioe
1225 3874 1282 3938 per
1296 3855 1409 3938 ipsum

272 3938 379 4019 quiin
395 3938 534 4004 deffectu
548 3937 722 4021 reperitur:
737 3939 781 4002 Et
796 3938 882 4022 quod
897 3939 1034 4022 quilibet
1049 3939 1138 4004 villae
1148 3941 1210 4024 jur’
1225 3940 1267 4004 cd
1282 3942 1408 4006 custod·

270 4021 632 4108 freth'.-Injunctum
654 4030 704 4089 cst
725 4025 897 4109 praeposito
919 4027 1007 4109 quod
1029 4026 1147 4091 attach.
1171 4026 1231 4091 fac¹
1254 4027 1338 4092 Alio'
1361 4028 1407 4092 fil’

272 4107 402 4173 Ricardi
423 4111 561 4175 Watson
582 4111 702 4176 nativae
718 4111 787 4195 [cio]
810 4111 935 4177 domini
960 4113 1002 4176 ad
1027 4112 1150 4177 ascend.
1172 4112 1226 4177 hic
1248 4114 1290 4178 ad
1315 4134 1407 4197 prox.

272 4194 313 4257 ad
328 4194 542 4259 satisfacienti.
558 4196 689 4262 domino
710 4197 750 4262 dc
772 4219 810 4263 eo
833 4199 920 4282 quod
941 4218 975 4263 se
997 4198 1163 4263 maritavit
1184 4199 1254 4264 eine
1268 4200 1408 4266 licencia

272 4279 403 4344 domini
440 4281 556 4346 Postea
569 4283 660 4347 venit
674 4289 708 4348 et
723 4285 801 4350 fecit
815 4284 921 4350 finem.
966 4285 1058 4369 [“Dc
1072 4285 1180 4350 Alicio
1193 4286 1262 4350 filio
1275 4286 1408 4351 Ricardi

272 4366 409 4430 Watson
433 4387 491 4451 pro
516 4367 577 4432 leir
604 4368 670 4435 6d.:
700 4371 752 4436 De
775 4371 888 4436 eadem
915 4371 1021 4437 Alicio
1046 4392 1104 4454 pro
1126 4372 1296 4449 merchem,
1323 4374 1405 4458 pleg.

270 4453 293 4516 J
295 4453 414 4517 ohanni
429 4454 469 4519 de
484 4455 645 4537 Raynton,
661 4457 724 4521 tofi
738 4478 792 4522 are
806 4459 956 4542 previous
972 4459 1090 4523 cntries
1104 4459 1220 4523 atthis
1235 4459 1350 4543 court]

314 4541 557 4606 Wunnsnrno.
602 4542 654 4606 De
667 4543 774 4608 Alano
789 4544 830 4609 de
845 4544 997 4610 Dunelm.
1014 4552 1047 4610 et
1068 4545 1091 4610 J
1092 4545 1218 4612 ohanne
1240 4545 1293 4610 dcl
1307 4545 1406 4611 Rawe
