3224 5212
163 547 265 608 1383.
421 559 581 610 nemora
601 560 786 610 emoriens
809 561 1050 611 DUNELMENSIS.
1253 550 1314 610 183

159 715 361 780 cariandum
376 718 417 781 ad
433 739 514 801 opus
530 718 716 783 tenaneium
731 719 869 784 aliorum
884 739 982 803 quam
997 719 1039 783 cd
1054 724 1120 785 ten.
1131 718 1216 785 dom.
1229 718 1315 783 infra

159 803 296 884 villam,
312 805 373 869 sub
388 805 501 869 eadem
516 825 620 888 poena.

224 891 376 956 Bcunou.
432 892 635 975 Praeceptum
665 899 714 958 est
743 893 874 957 ballivis
904 892 998 970 dom,
1026 893 1113 977 quod
1143 893 1314 958 attachiari

159 977 294 1045 iaciant
308 979 464 1042 Thomam
490 979 604 1044 Cisson
620 979 661 1044 ad
675 980 822 1064 respond.
839 981 923 1045 dom.
934 981 974 1044 de
983 981 1201 1064 purpresturis
1217 981 1313 1044 factis

160 1066 202 1126 in
215 1085 331 1149 campo
346 1066 386 1130 de
401 1066 782 1150 Burdon.-Injunctum
797 1074 847 1132 est
858 1068 931 1150 jur,
942 1067 1028 1151 quod
1041 1074 1163 1150 ponant
1175 1074 1312 1142 tantum,

160 1152 207 1215 de
223 1159 284 1218 ter.
300 1153 388 1218 Will
400 1154 441 1217 de
455 1153 677 1230 Walleworth,
692 1175 791 1238 quam
813 1154 924 1218 Thcm.
948 1154 1063 1218 Cisson
1085 1160 1184 1229 tonet,
1198 1153 1240 1217 ed
1254 1159 1311 1218 ter.

161 1237 300 1316 Prioris,
314 1248 475 1322 quantum
498 1247 678 1324 posuerunt
692 1241 733 1305 ad
748 1248 804 1306 ter.
822 1262 914 1306 suam
936 1241 976 1305 dc
998 1247 1216 1324 purprestura‚
1231 1241 1312 1305 citra

160 1347 257 1408 prox.
274 1347 348 1403 cur,
364 1329 425 1392 sub
439 1348 536 1410 poena
550 1328 592 1392 di.
608 1329 887 1392 marc-Thomas
910 1328 1024 1392 Oisson
1038 1349 1067 1392 v.
1082 1327 1119 1391 in
1134 1328 1224 1392 curia
1237 1334 1271 1392 et
1285 1348 1311 1394 o.

156 1415 170 1494 j
200 1419 264 1476 cot.
287 1422 425 1491 vastum,
445 1414 510 1496 etj
535 1415 698 1482 salionem.
722 1452 735 1464 -
758 1452 772 1464 -
794 1415 931 1479 habend.
955 1415 1018 1479 sibi
1044 1415 1086 1479 ad
1108 1415 1311 1479 voluntatem

160 1500 434 1584 dom,qucusque
443 1502 561 1585 aliquis
570 1503 696 1567 venerit
705 1503 763 1586 qui
771 1523 829 1586 pro
838 1502 959 1566 eisdem
969 1503 1061 1566 finire
1070 1501 1311 1578 volueritredd.

160 1605 224 1669 per
236 1609 287 1652 ara
299 1609 466 1672 quousque
477 1589 639 1672 octagium
648 1589 731 1654 illud
742 1611 808 1653 non
821 1589 891 1673 [sic]
902 1589 1095 1653 aedificatum
1107 1590 1206 1653 fuerit
1215 1589 1260 1671 xij
1272 1589 1311 1665 d.,

162 1682 198 1738 et
214 1681 292 1756 post
308 1675 554 1740 aedificationem
570 1676 658 1760 burg.
676 1677 772 1760 praed.
788 1698 845 1759 per
861 1698 910 1740 an.
927 1677 950 1759 ij
965 1697 987 1740 s.

209 1760 390 1826 Wusruna
438 1764 674 1827 Praesentatum
689 1773 738 1828 est
752 1784 810 1848 per
828 1764 900 1846 jur,
914 1764 1008 1847 quod.
1024 1763 1048 1827 J
1049 1762 1099 1826 oh.
1114 1762 1158 1826 fil.
1173 1761 1255 1825 Adae
1269 1762 1310 1826 de

161 1848 330 1912 Westmer
344 1849 423 1914 fecit
444 1850 586 1914 diversas
609 1859 833 1934 purpresturas
856 1851 896 1913 de
918 1850 986 1914 solo
1008 1850 1101 1924 dom,
1116 1849 1152 1912 in
1174 1848 1310 1912 diversis

160 1935 247 1998 locis
274 1937 487 2021 appropriatis
513 1938 554 2001 ad
580 1944 638 2002 ter.
664 1939 800 2002 liberam
825 1937 900 2002 Joh.
925 1937 1049 2012 Eletob,
1072 1943 1104 1999 et
1127 1957 1223 2018 snper
1248 1935 1309 2000 hoc

161 2020 352 2105 injunctum
368 2031 418 2087 est
432 2024 504 2099 sibi,
519 2025 607 2107 quod
628 2025 741 2109 reponi
762 2025 860 2088 faciat
882 2023 978 2107 praed.
1000 2029 1225 2106 purpresturas
1248 2023 1308 2086 sub

161 2129 263 2190 poena
277 2109 429 2174 ult-De
451 2111 542 2176 Will.
558 2112 600 2176 fil.
618 2113 640 2176 J
642 2112 693 2176 oh.
709 2112 752 2174 fil.
771 2112 862 2186 Adae,
876 2112 955 2194 quia
977 2110 1146 2176 maledixit
1170 2111 1248 2173 Rob.
1264 2109 1306 2173 fil

161 2195 298 2260 Thomas
319 2197 355 2260 in
378 2198 475 2274 curia,
490 2198 525 2261 in
547 2199 723 2282 praesencia
744 2199 827 2263 dom.
844 2198 971 2261 Prioris.
1017 2197 1103 2280 Pleg.
1120 2199 1142 2264 J
1144 2197 1193 2261 oh.
1211 2197 1310 2260 frater

162 2303 245 2346 suus
261 2283 296 2346 xl
306 2283 355 2363 d.;
377 2285 577 2348 condonatur
592 2306 695 2369 usque
711 2286 756 2368 xij
768 2285 798 2350 d.

209 2370 355 2435 Furens.
401 2371 593 2454 Iujunctum
619 2381 669 2436 est
695 2373 845 2436 omnibus
871 2378 935 2436 ten.
962 2371 1059 2446 villae,
1083 2370 1170 2454 qnod
1197 2369 1308 2434 nullus

162 2476 278 2520 eorum
307 2457 415 2540 litiget
440 2479 515 2522 cum
545 2459 626 2536 aliis,
655 2459 762 2523 verbis
792 2479 852 2522 nec
878 2457 982 2534 factis,
1013 2458 1073 2521 sub
1102 2477 1200 2541 poena
1229 2458 1308 2546 ¹xla,

163 2542 310 2608 solvend.
341 2551 418 2624 etc.;
448 2551 482 2609 et
510 2547 672 2629 praecipue
698 2547 885 2629 injunctum
914 2552 964 2609 est
993 2546 1084 2607 Laur.
1115 2545 1246 2608 Hunter
1275 2552 1308 2607 et

162 2631 298 2694 Thomae
320 2631 451 2708 Milner,
466 2633 553 2715 quod
575 2633 640 2717 ipsi
654 2653 720 2696 non
735 2632 873 2716 litigent,
888 2633 949 2696 sub
972 2631 1085 2695 eadem
1107 2651 1210 2713 poena
1256 2630 1308 2694 De

163 2716 289 2781 Thema
319 2719 447 2794 Milner,
473 2719 550 2802 quia
572 2720 740 2802 sagittavit
760 2720 783 2803 ij
815 2720 948 2802 sagittas
975 2724 1144 2782 noctanter
1170 2716 1241 2800 [aa'c]
1266 2717 1307 2780 ad
1428 2727 1431 2735 '

163 2805 260 2867 Laur.
277 2805 417 2881 Hunter,
431 2813 529 2889 prout
544 2813 744 2890 compertum
759 2811 809 2882 est
823 2827 881 2890 per
900 2806 973 2888 jur,
988 2805 1023 2867 xl
1035 2805 1065 2868 d.

208 2892 307 2956 Fnux.
355 2893 563 2976 Compertum
578 2901 637 2969 est,
659 2913 717 2976 per
731 2901 931 2957 sacramenta
945 2891 1020 2956 ioh.
1034 2892 1074 2955 de
1088 2889 1307 2974 Wyndelston

165 2978 248 3060 [aad
255 2979 320 3060 Jicc
335 2979 446 3062 athos]
462 2980 549 3062 quod
565 2981 725 3043 firmarius
741 2979 877 3044 manerii
891 2980 931 3042 de
946 2979 973 3041 F
974 2999 1030 3062 ery
1045 2985 1175 3042 tenetur
1189 2977 1306 3040 habere

164 3065 205 3127 de
224 3065 300 3147 jure
322 3068 541 3130 communiam
564 3075 713 3150 pasturae‚
735 3067 771 3130 in
793 3065 932 3150 ceperali
953 3073 1086 3149 pastura
1107 3063 1244 3127 manerii
1266 3063 1307 3128 de

163 3150 380 3235 Merryngton
403 3154 444 3216 ad
466 3174 578 3218 omncs
593 3155 691 3218 boves
706 3174 790 3228 suos,
805 3158 981 3217 tractantes
995 3152 1031 3215 in
1046 3152 1178 3226 carucis,
1194 3157 1226 3214 et
1241 3170 1307 3213 non

163 3238 206 3300 ad
228 3239 323 3322 plura
346 3239 499 3304 animalia
520 3241 829 3305 sua-Ordinatum
852 3247 909 3316 est,
925 3260 965 3303 ex
986 3259 1065 3304 com.
1081 3258 1223 3314 assensu,
1238 3243 1306 3300 tam

163 3323 341 3388 liberorum
353 3347 451 3410 quam
463 3327 602 3394 aliorum
612 3334 676 3392 ten.
689 3328 782 3403 dom,
794 3326 881 3410 quod
892 3325 1003 3390 nullus
1016 3347 1126 3390 eorum
1137 3325 1306 3409 permittat

164 3411 276 3494 aliqua
291 3416 399 3477 averia
414 3433 472 3477 sua
487 3415 575 3478 exire
590 3415 704 3477 villam
719 3421 897 3490 noctanter,
912 3433 971 3477 nec
983 3414 1091 3496 jacere
1106 3413 1142 3475 in
1163 3412 1231 3476 alta
1252 3412 1307 3474 via

163 3498 251 3562 infra
263 3499 384 3576 villam,
395 3500 465 3565 sine
477 3501 573 3565 olaus.
592 3501 619 3585 [2
630 3499 803 3586 claustris]‚
813 3501 875 3565 sub
884 3520 980 3584 poena
994 3501 1031 3563 xl
1040 3500 1079 3575 d.,
1091 3499 1233 3563 solvend.
1246 3504 1306 3562 ete.

210 3677 306 3738 1384.
354 3671 414 3758 [ΙΙ.
432 3672 569 3760 l]-Tlac
576 3677 655 3758 first
667 3675 849 3759 portianos
866 3673 930 3736 raas
951 3673 1068 3736 Bellis
1086 3672 1225 3753 miccina,
1241 3670 1308 3732 aad

164 3781 185 3822 a
200 3761 408 3824 considerable
426 3763 558 3844 porticu
581 3765 620 3846 cf
635 3764 720 3826 wirot
733 3761 919 3825 romulaeis
941 3759 1073 3842 illcyiblc
1095 3759 1185 3841 suoru
1207 3759 1307 3840 decep

164 3849 348 3929 couderay.
392 3849 427 3911 It
450 3869 585 3932 appears
599 3850 691 3932 from
713 3849 854 3913 intercal
877 3847 1013 3910 medanae
1036 3853 1066 3908 to
1088 3844 1191 3926 beloup
1212 3850 1242 3907 to
1258 3844 1307 3906 tlaa

163 3938 349 4016 yaor1384.

208 4022 307 4086 ἙἚΒΥ.
353 4022 450 4086 Terra
472 4022 506 4086 in
530 4029 645 4087 tenura
667 4022 751 4086 dom.
773 4022 863 4086 Will
894 4021 1056 4084 Fraunsas
1086 4016 1207 4094 vicarii,
1236 4037 1306 4081 voc.

166 4108 391 4184 Holomsland,
406 4115 501 4193 capta
523 4110 623 4174 estin
638 4128 736 4173 manu
753 4109 846 4185 dom,
861 4128 1029 4192 quousque
1048 4127 1106 4190 per
1120 4125 1218 4189 quam
1235 4103 1305 4188 [sic]

165 4195 311 4272 intravit,
326 4203 360 4259 et
374 4197 448 4279 quis
464 4203 513 4260 est
527 4217 624 4261 verus
647 4198 738 4260 heres
760 4195 1039 4280 ejusdem-Dies
1062 4193 1158 4256 datus
1174 4199 1223 4256 est
1234 4193 1308 4274 jur,

165 4282 206 4345 ad
221 4282 455 4365 inquirendum
470 4304 527 4366 per
549 4291 709 4367 quantum
728 4284 741 4365 j
759 4289 822 4346 ten.
846 4281 1009 4366 quondam
1032 4282 1067 4344 in
1089 4287 1205 4344 tenura
1227 4278 1306 4341 Rob.

164 4369 265 4444 Todd,
279 4390 367 4433 nunc
382 4370 417 4432 in
433 4376 549 4434 tenura
563 4372 586 4435 J
588 4371 637 4434 ch.
655 4371 693 4434 de
709 4370 900 4447 Bicheborn,
915 4369 1128 4433 deterioratur
1142 4368 1176 4429 in
1192 4374 1308 4428 tenura

164 4455 281 4520 Alioiae
296 4457 350 4520 del
364 4457 454 4532 Hall,
469 4477 506 4520 eo
522 4458 608 4540 quod
624 4458 829 4522 combustum
851 4457 915 4520 fuit
937 4456 972 4518 in
995 4463 1109 4519 tenura
1130 4453 1254 4526 Aliciae,
1274 4459 1307 4514 et

164 4563 222 4625 per
243 4551 402 4627 quantum
434 4551 541 4627 potest
566 4544 716 4628 reparari,
738 4546 799 4609 sub
821 4563 918 4629 poene
940 4543 981 4607 di.
1004 4541 1196 4606 maru—De
1217 4537 1308 4645 Will.
