3278 5204
182 568 276 628 1365.
439 577 597 626 minore
612 577 796 626 careamus
811 577 1053 629 nuucnuuusrs.
1273 567 1312 629 37

177 737 315 801 liberam
338 735 490 820 [curiam]
513 735 553 800 de
575 735 735 800 fraccione
760 741 926 819 porterum
948 735 1084 802 manerii
1105 737 1251 822 praedicti
1280 743 1314 802 et

176 823 376 888 abduccione
405 823 585 887 averiorum
618 821 970 906 praedictorum—De
999 821 1149 888 iohanne
1179 825 1313 902 Lanerd,

176 910 319 975 Robertc
342 909 460 994 Smyth
481 914 515 973 et
528 908 564 993 [J
566 907 693 974 ohanne
714 909 782 973 filio
797 909 879 974 Adae
900 910 1052 974 cancellari
1072 911 1223 976 iohanne
1245 911 1313 975 filio

175 997 259 1061 Adae
273 997 443 1061 interlirwd
457 996 524 1059 ond
538 997 638 1078 again
652 995 814 1080 coaoellcd]
826 995 904 1080 quia
918 997 1120 1061 intraverunt
1133 998 1312 1062 manerium

176 1083 219 1148 de
232 1083 372 1148 Fulwell
385 1103 461 1148 curn
475 1081 599 1147 baculis
614 1087 648 1147 et
661 1081 733 1146 aliis
744 1083 842 1146 armis
857 1087 890 1146 et
903 1087 1011 1166 porcas
1023 1083 1166 1166 ejusdem
1177 1083 1313 1148 manerii

175 1171 342 1254 fregerunt
356 1175 391 1234 et
404 1170 512 1234 avaria
527 1189 586 1233 sua
607 1169 728 1233 ibidem
750 1169 954 1253 inpignorata
971 1175 1126 1254 ceperunt
1141 1175 1174 1234 et
1187 1171 1312 1235 abdux-

175 1262 275 1322 erunt
296 1257 383 1321 unde
405 1276 439 1320 se
461 1276 527 1320 non
548 1262 725 1340 potuerunt
746 1256 937 1339 acquietum,
959 1256 999 1320 de
1021 1256 1166 1341 quolibet
1184 1257 1256 1321 scd.
1268 1295 1312 1306 -

175 1344 287 1408 Alicia
312 1363 384 1428 quae
410 1343 474 1406 fuit
498 1362 581 1406 uxor
605 1342 687 1407 Elias
714 1342 898 1427 Brounyng'
924 1343 1011 1426 cepit
1035 1343 1071 1406 in
1097 1343 1186 1407 curia
1208 1364 1312 1407 unum

176 1430 374 1516 bondagium
404 1435 437 1494 et
462 1429 504 1492 di
529 1429 692 1513 quondam
721 1429 758 1492 in
786 1433 901 1493 tenura
925 1429 988 1493 viri
1017 1429 1086 1494 sui:
1115 1427 1251 1494 haband
1279 1436 1313 1494 et

176 1517 307 1582 tenend.
323 1517 365 1581 ad
379 1520 469 1580 term
484 1516 563 1580 vitae
577 1535 663 1580 suae:
684 1515 770 1580 redd
786 1515 953 1599 antiquam
974 1515 1099 1580 firmam
1121 1522 1155 1580 et
1176 1517 1312 1581 servicia

177 1609 213 1668 ei
226 1604 373 1668 faciendo
390 1602 532 1667 Domino
554 1601 718 1667 covicinis
740 1621 813 1686 quae
834 1602 1036 1667 incumbunt.
1081 1602 1167 1687 Pleg.
1184 1603 1224 1668 de
1245 1623 1311 1667 unc

176 1690 261 1755 bove
281 1695 315 1755 et
332 1691 373 1756 da
398 1689 495 1755 stuffo
518 1693 551 1752 ct
572 1689 722 1753 omnibus
744 1687 816 1752 aliis
839 1708 911 1773 quae
929 1689 1124 1754 incumbunt
1144 1691 1167 1755 J
1169 1687 1311 1754 ohannes

176 1777 219 1842 da
244 1776 327 1842 Reid
353 1782 386 1841 et
410 1775 549 1840 Thomas
578 1775 665 1840 filius
694 1774 801 1844 Alani.
845 1777 890 1840 Ec
917 1775 1044 1840 invenit
1069 1797 1115 1839 xx
1140 1796 1203 1840 acr.
1224 1777 1310 1841 binae

176 1883 297 1928 arrurae
325 1864 412 1927 unde
441 1884 489 1926 un
517 1882 609 1926 sacra
638 1867 672 1926 ci
700 1867 765 1926 tres
798 1861 886 1926 rodae
914 1863 1124 1940 seminantur,
1152 1882 1233 1946 quas
1264 1863 1310 1927 sic

176 1949 331 2051 dimidiet.
375 1951 419 2014 Et
429 1950 487 2014 dat
497 1969 554 2033 pro
569 1949 703 2034 gres’ma
717 1953 780 2012 los.
825 1948 940 2032 [Three
955 1949 991 2012 of
1002 1947 1058 2012 tha
1073 1949 1310 2032 gete-brcakers

176 2057 263 2101 were
289 2057 387 2101 urors.

221 2037 432 2188 Wimouin
478 2123 668 2206 injunctum
690 2129 740 2188 est
761 2121 906 2186 Johanni
926 2123 966 2187 de
986 2122 1125 2208 Wygby,
1146 2120 1311 2206 Stephano

177 2209 292 2274 Oarier
311 2215 344 2274 et
363 2210 493 2273 Thomas
515 2209 627 2274 Portet
652 2210 738 2293 qnod
759 2209 893 2274 venient
918 2209 959 2273 ad
980 2210 1193 2274 commorand.
1216 2229 1313 2293 super

175 2303 278 2361 terras
290 2296 424 2361 Domini
439 2296 500 2361 snb
514 2316 611 2380 poena
624 2296 665 2361 de
680 2295 825 2381 quolibet
839 2295 1044 2361 admissionis
1061 2295 1129 2380 [sic]
1144 2296 1312 2380 praedicta-

177 2403 253 2446 rum
274 2389 431 2447 terrarum
453 2387 487 2446 et
500 2384 565 2446 ten’
580 2382 661 2447 citra
681 2403 770 2466 prox,
786 2383 916 2447 curiam.
928 2421 973 2432 -
983 2383 1034 2446 De
1049 2383 1188 2447 Roberto
1205 2382 1314 2446 Berier

176 2489 237 2554 pro
259 2489 387 2534 reomao
409 2470 494 2533 facto
515 2469 689 2553 praeposito
710 2469 747 2532 in
762 2469 866 2533 officio
881 2489 939 2533 suo
954 2469 1101 2533 faciendo
1116 2477 1213 2553 proni
1227 2489 1313 2533 com-

175 2561 307 2640 pertum
322 2563 371 2620 est
384 2577 443 2640 per
460 2557 628 2639 juratores,
650 2555 691 2619 de
713 2555 931 2620 misericordia
956 2555 1026 2620 lad.
1069 2556 1113 2619 Et
1128 2556 1313 2639 injunctum

177 2649 231 2707 est
243 2642 414 2726 praeposito
432 2643 519 2727 qnod
540 2642 689 2706 arrestari
709 2642 808 2706 faciat
829 2643 938 2706 omnia
958 2642 1043 2706 bona
1064 2642 1166 2726 ipsius
1182 2642 1314 2706 Roberti

177 2728 548 2880 candemisii?
560 2728 713 2880 disi
728 2728 1314 2880 {tumidissimus

177 2903 314 2967 Dauson
329 2902 416 2986 quod
430 2902 596 2987 [accedant
609 2902 696 2985 apud
712 2900 871 2986 Suthwyk
893 2906 927 2966 et
948 2901 1101 2984 colligant
1116 2921 1176 2964 ova
1189 2901 1312 2984 pertin·

178 2989 272 3054 ancia
288 2988 446 3054 Gelerario
460 2988 613 3053 Dunelm.
628 2989 792 3073 caccdlcd]
805 2987 1005 3052 satisfaciant
1014 2986 1172 3051 Celerario
1188 2986 1227 3050 de
1243 2987 1313 3050 ovis

177 3075 417 3159 pertinentibus
428 3075 468 3140 de
480 3075 606 3139 duobus
617 3076 710 3139 annis
721 3074 892 3159 praeteritis
903 3073 983 3137 citra
996 3073 1175 3156 proximam
1191 3073 1314 3136 curiam

177 3163 241 3227 sub
266 3182 363 3246 poena
391 3162 459 3227 15d.
518 3162 563 3226 Et
588 3161 756 3226 sciendum
781 3160 867 3246 qnod
894 3157 1084 3244 colligarunt
1109 3167 1162 3222 x¹¹
1187 3179 1248 3223 ova
1274 3159 1314 3223 de

177 3249 307 3314 dnobus
329 3248 422 3313 annis
443 3247 622 3332 preteritis.
666 3249 710 3311 Et
729 3248 868 3312 Thomas
883 3247 1013 3311 Louson
1034 3245 1164 3330 collegii
1185 3255 1238 3309 κ’*
1253 3266 1314 3310 ova

176 3341 324 3418 tempore
347 3355 405 3399 suo
429 3335 469 3399 de
493 3335 619 3398 dnobus
642 3332 736 3398 annis
760 3355 833 3418 quae
855 3333 1010 3398 vendidit.
1055 3333 1099 3396 Et
1125 3332 1171 3396 sic
1195 3338 1314 3396 sunta

178 3427 265 3485 retro
290 3421 331 3485 de
352 3442 417 3485 uno
439 3441 533 3498 anno,
555 3421 616 3486 viz.
638 3429 691 3485 v¹¹
712 3440 782 3498 ova,
803 3420 876 3484 ideo
897 3420 1080 3504 inquiratur
1102 3419 1142 3482 ad
1164 3439 1253 3503 prox.
1271 3457 1313 3468 -

177 3507 364 3572 Willelmns
378 3508 465 3572 filius
480 3507 612 3572 Ricardi
624 3507 716 3571 venit
737 3505 791 3572 hic
812 3508 849 3570 in
868 3507 956 3571 curia
971 3512 1004 3570 ei
1019 3505 1106 3589 cepit
1119 3526 1222 3569 unum
1236 3526 1314 3569 mes.

179 3601 216 3660 et
230 3594 324 3678 xlviij
337 3600 437 3660 'acras
458 3602 551 3659 terrae
572 3593 736 3678 quondam
757 3593 792 3656 in
814 3600 930 3658 tenura
943 3592 1073 3656 Thomae
1088 3593 1128 3656 de
1143 3593 1315 3657 Usworth:

177 3680 361 3746 habandei
373 3681 503 3746 cenend.
515 3680 556 3744 ad
566 3687 656 3745 term.
666 3680 743 3744 vitae
758 3700 845 3744 suae:
865 3679 952 3744 redd.
964 3679 1068 3763 primo
1080 3699 1164 3743 anno
1176 3684 1241 3742 13s.
1254 3678 1315 3754 sd„

179 3767 322 3832 secundo
346 3788 431 3832 anno
455 3773 530 3844 20s.,
551 3767 650 3831 tercio
674 3785 759 3831 anno
786 3771 851 3831 26s.
876 3765 936 3842 ad„
958 3771 991 3830 et
1012 3771 1124 3849 postea
1146 3765 1314 3848 antiquam

178 3855 307 3918 firmam
322 3859 356 3919 et
370 3855 479 3919 debita
494 3853 635 3918 servicia.
680 3854 725 3917 Et
738 3852 874 3935 incipiet
896 3852 1018 3916 solvere
1032 3851 1073 3914 ad
1087 3851 1207 3914 festum
1222 3850 1314 3915 Pena.

179 3957 244 4006 nn.
261 3946 319 4005 etc.
334 3940 453 4025 lxvij¹¹¹⁰
467 3940 554 4024 Pleg.
571 3939 659 4026 [ecc]
703 3941 748 4003 Ec
762 3939 819 4003 dat
832 3959 890 4022 pro
911 3938 1044 4022 gres’ma
1061 3936 1142 4013 lad,
1164 3945 1237 4000 conr
1257 3957 1315 4021 per

179 4028 358 4093 temanum
417 4027 461 4090 Ec
483 4027 600 4091 domus
623 4027 685 4090 erit
709 4046 768 4109 pro
793 4045 882 4090 mora
907 4045 966 4088 sua
991 4029 1102 4107 parata
1127 4022 1168 4086 ad
1198 4029 1314 4108 costag.

179 4114 318 4178 Domini
331 4114 373 4178 ad
392 4114 513 4179 festum
527 4114 619 4178 Pani.
634 4133 722 4196 prox.
738 4113 892 4177 futurum.
936 4112 980 4174 Et
994 4110 1096 4175 eciam
1109 4110 1241 4195 grangia
1255 4112 1316 4175 erit

178 4205 294 4285 parata
307 4200 349 4264 ad
370 4205 486 4286 costag.
501 4199 637 4264 Domini
659 4199 700 4263 ad
721 4199 843 4263 festum
866 4198 896 4263 S.
912 4197 1001 4262 Petri
1022 4197 1063 4261 ad
1077 4197 1209 4261 vincula
1225 4217 1315 4280 prox.

179 4287 549 4370 iutur.—Praeceptum
573 4291 623 4351 est
645 4285 821 4350 attachiare
846 4284 1021 4349 Ricardum
1043 4283 1149 4347 filium
1171 4284 1247 4368 Reg.
1275 4283 1316 4347 ad

179 4372 354 4438 essendum
377 4373 419 4438 ad
441 4373 576 4439 liberam
599 4373 722 4437 curiam
748 4372 789 4436 ad
811 4371 1070 4456 respondendum
1095 4370 1135 4435 de
1160 4370 1207 4435 les
1233 4390 1316 4434 mer·

178 4465 256 4526 sian
278 4479 303 4524 s.

225 4480 377 4612 Hieron.
447 4548 601 4632 injuncta
633 4550 683 4611 est
715 4545 866 4610 omnibns
895 4544 1083 4610 tenentibus
1112 4543 1199 4608 villoe
1228 4541 1316 4627 quod
