3278 5204
211 547 303 607 1368.
472 558 629 608 HALMOTA
645 559 827 610 PRIORA'I'US
842 561 1082 612 DUNELMENSIS.
1305 555 1345 616 69

249 716 371 782 Acuuv.
431 716 621 800 Injunotum
651 724 700 782 est
737 718 886 783 omnibus
922 721 1111 786 tenentibus
1140 721 1228 788 villae
1257 723 1344 808 quod

206 803 348 867 habeant
362 823 466 867 unum
480 823 684 868 communem
699 823 873 869 messorem
888 805 974 870 infra
988 806 1069 872 dues
1083 810 1289 893 septimanas.
1301 847 1344 860 -

207 891 259 952 De
274 890 399 954 Thomu
421 890 601 955 Perkinson
616 895 649 954 et
662 889 686 956 J
686 890 813 956 ohanne
834 893 988 958 Fermour
998 894 1076 978 quia
1097 915 1163 959 non
1177 916 1345 979 reparave-

205 981 283 1040 runt
298 975 431 1040 domum
452 976 676 1041 com'unatoris
697 984 793 1061 prout
814 979 1000 1062 injunctum
1023 980 1088 1044 fuit
1109 981 1157 1046 eis
1178 982 1213 1046 in
1227 982 1345 1048 ultima

207 1063 307 1139 curia,
325 1063 395 1126 lud.
441 1063 550 1146 [1367,
565 1063 631 1128 ΙΙΙ.
649 1064 750 1141 reads,
765 1071 783 1098 “
791 1066 931 1149 reparari
946 1066 1067 1131 faciant
1084 1070 1256 1133 tenement'
1271 1090 1343 1153 pro·

209 1149 299 1213 stvat'
315 1148 413 1213 officii
428 1149 647 1233 comunarii.”]

251 1236 554 1300 EST-Mnemeion,
599 1236 790 1319 Injunctum
811 1242 862 1302 est
883 1239 1033 1304 omnibus
1048 1241 1234 1306 tenentibus
1248 1242 1345 1306 istius

205 1323 294 1386 villae
309 1326 343 1387 et
357 1322 508 1386 villarum
522 1322 563 1386 do
585 1322 869 1408 Mid-Msvyngton
890 1331 924 1390 et
938 1326 1242 1412 West-Meryngton
1257 1328 1344 1412 quod

206 1408 349 1472 habeant
358 1428 457 1472 unam
472 1429 677 1474 communem
693 1429 866 1475 messorem
880 1411 961 1476 citra
975 1412 1095 1477 festum
1110 1414 1140 1478 S.
1157 1414 1254 1480 Petri.

251 1496 350 1560 Fusv.
396 1495 587 1578 Injunctum
601 1501 651 1560 est
665 1496 815 1560 omnibus
830 1498 1017 1564 tenentibus
1028 1499 1115 1564 villae
1127 1500 1214 1584 quod
1229 1501 1344 1584 nequis

207 1587 332 1664 ponant
354 1581 423 1666 [cic]
445 1601 544 1665 equos
566 1582 601 1644 in
623 1588 756 1666 pastura
777 1583 897 1648 bovum
918 1586 1062 1668 exceptis
1076 1593 1215 1670 quatuor
1232 1587 1343 1652 liberis

206 1667 393 1732 hominibus
415 1689 551 1752 quorum
566 1668 704 1752 quilibet
718 1689 829 1734 eorum
843 1670 975 1736 habebit
994 1692 1097 1736 unum
1112 1693 1231 1756 equum
1248 1694 1345 1757 super

206 1775 307 1838 quem
319 1755 487 1837 equitabit.

251 1841 462 1906 wisnona.
500 1841 690 1925 Injunctum
707 1848 757 1908 est
771 1842 934 1927 Maq'oriae
947 1864 1020 1929 quse
1034 1845 1099 1908 fuit
1114 1865 1196 1909 uxor
1211 1845 1344 1910 Roberti

209 1926 321 1992 Oarter
332 1927 511 1992 executi-icc
524 1928 593 2013 [sic]
605 1931 793 1994 testamenti
807 1931 951 2014 ejusdem
962 1931 1095 1996 Roberti
1106 1931 1193 2014 quod
1204 1932 1344 2016 reparari

207 2014 307 2078 faciat
329 2034 427 2078 unam
448 2015 614 2100 grangiam
635 2036 723 2080 nuno
745 2016 781 2080 in
801 2023 917 2081 tenura
939 2017 1069 2082 Ricardi
1085 2018 1224 2083 Watson
1245 2039 1344 2102 quam

207 2099 381 2183 praedictus
410 2101 569 2166 Robertus
599 2103 686 2185 cepit
714 2101 755 2166 ad
780 2103 1269 2170 aedificand’.—Oonoordstum
1295 2109 1345 2170 est

208 2189 295 2252 inter
309 2189 332 2253 J
333 2188 491 2252 ohannem
514 2188 649 2252 Douson
670 2195 704 2254 et
725 2189 912 2272 Marjoriam
926 2190 1046 2267 Oarter,
1060 2191 1145 2256 inter
1158 2212 1239 2275 quos
1254 2192 1295 2256 lis
1310 2198 1344 2256 et

208 2274 379 2338 contencio
402 2279 454 2338 est
480 2272 520 2339 de
543 2275 636 2340 terris
658 2281 693 2340 et
713 2276 779 2340 ten'
804 2276 949 2359 praedicti
973 2277 1135 2343 dohannis
1159 2298 1231 2362 quse
1256 2278 1342 2343 idem

207 2359 374 2425 dohannes
403 2365 437 2425 et
465 2361 624 2426 Robertus
654 2361 766 2427 Oartsr
793 2362 958 2445 quondam
986 2363 1038 2427 vir
1062 2364 1224 2447 praedictae
1256 2365 1344 2429 Mer-

203 2446 296 2530 joriae
311 2446 472 2511 debebant
489 2467 718 2531 manuoperare
739 2448 879 2513 invicem
894 2448 935 2513 ad
949 2449 1123 2514 terminum
1137 2452 1170 2534 vj
1186 2471 1344 2516 annorum

207 2532 297 2597 unde
326 2538 404 2597 sunt
434 2533 536 2617 elapsi
559 2539 698 2616 quatuor
726 2534 814 2612 anni,
842 2534 930 2619 quod
957 2537 1084 2619 praefati
1113 2537 1281 2602 dohannes
1311 2544 1344 2602 et

208 2619 365 2702 Maq‘oria
387 2619 579 2684 dividmunt
600 2620 686 2686 inter
707 2639 741 2685 ss
756 2627 919 2686 vesturam
940 2622 1039 2706 hujus
1061 2624 1138 2687 anni
1160 2629 1194 2688 et
1216 2623 1344 2689 solvent

209 2705 393 2770 adinvicem
407 2705 533 2770 firmem
546 2713 581 2771 et
601 2706 665 2770 alia
679 2727 775 2772 onera
797 2727 900 2791 usque
913 2708 1033 2774 festum
1048 2709 1079 2774 S.
1095 2710 1231 2774 Martini
1252 2730 1342 2793 prox.

207 2793 364 2856 futurum.
407 2793 452 2856 Et
462 2792 615 2876 praediote
623 2793 778 2878 Maip'oria
789 2793 880 2858 debit
893 2795 1046 2877 praedicto
1057 2795 1202 2861 Johenni
1214 2795 1342 2860 4s.10d.

207 2879 259 2942 ob.
273 2898 331 2960 pro
353 2898 461 2954 aurum
475 2884 508 2943 et
522 2879 646 2944 semine
660 2879 791 2955 vernali,
807 2885 840 2944 et
853 2901 911 2965 pro
934 2881 1180 2946 deterioracione
1194 2882 1258 2944 ten'
1277 2887 1342 2947 10s.

207 2965 252 3027 Et
274 2964 428 3047 praediata
456 2965 609 3049 Maijoria
630 2964 672 3030 de
696 2965 858 3050 praedictis
882 2969 975 3032 terris
999 2973 1032 3033 et
1057 2969 1121 3031 ten’
1144 2967 1284 3050 amplius
1308 2987 1342 3032 se

207 3070 274 3114 non
287 3050 492 3116 intromittet.

252 3138 427 3202 Fvnvsm.
489 3138 541 3202 De
570 3137 721 3204 Johanne
750 3139 838 3222 Gray
866 3145 901 3205 et
927 3139 1011 3223 Agn’
1042 3138 1205 3222 quondam
1242 3160 1342 3204 uxore

207 3222 350 3288 Simonis
380 3223 420 3288 ds
449 3223 639 3290 Moreslawe
664 3225 741 3308 quia
764 3226 940 3291 servientes
966 3226 1017 3290 sui
1041 3226 1205 3310 fregerunt
1225 3247 1343 3310 panem

205 3309 343 3373 Domini
364 3309 425 3374 viz.
447 3309 482 3393 iij
507 3310 596 3376 albos
617 3331 717 3395 panes
739 3311 775 3375 in
796 3313 972 3378 cariaoione
993 3332 1105 3378 versus
1126 3313 1343 3398 Wyuestowe,

207 3394 249 3460 de
264 3396 363 3460 altero
378 3415 489 3460 eorum
505 3397 554 3461 sd.

253 3481 410 3546 Sciamus.
445 3482 609 3548 Dimissic.
643 3483 884 3549 lucrementum
895 3485 1040 3550 redditus
1054 3486 1123 3550 md.
1161 3487 1344 3553 Aliciafilia

205 3568 367 3632 Willelmi
389 3568 569 3652 Swynherd
590 3571 676 3654 cepit
697 3591 801 3634 unum
823 3571 985 3655 octagium
999 3572 1087 3655 quod
1100 3572 1286 3638 Willelmus
1302 3573 1342 3636 de

206 3655 358 3719 Howden
378 3655 468 3739 prius
489 3656 598 3720 tenuit
619 3656 759 3740 eoquod
780 3656 890 3721 nullus
905 3658 945 3722 de
965 3659 1120 3742 sanguine
1141 3659 1244 3742 ipsius
1259 3658 1343 3722 Wil-

203 3741 297 3806 lelmi
311 3761 369 3824 pro
384 3741 569 3824 pvaediotam
584 3742 656 3826 [sic]
670 3744 730 3808 cot'
745 3743 838 3808 finire
849 3743 1002 3808 volueiit:
1018 3744 1155 3809 habend'
1171 3750 1203 3808 et
1214 3743 1342 3808 tenend'

206 3827 249 3892 ad
263 3827 439 3892 terminum
453 3828 531 3892 vitae
545 3848 628 3894 suae:
643 3829 729 3894 redd.
744 3850 775 3913 p.
791 3849 817 3893 a.
835 3837 879 3894 ts.
888 3830 975 3913 quod
989 3831 1079 3913 prius
1093 3829 1234 3894 reddidit
1251 3829 1321 3894 md.
1335 3854 1342 3894 :

206 3914 392 3997 incipiendo
414 3913 535 3978 solvere
561 3915 602 3978 ad
623 3915 744 3980 festum
770 3916 906 3980 Martini
932 3937 1020 3999 prox.
1043 3917 1198 3982 futurum.
1251 3916 1342 4000 Pleg.

207 3999 299 4084 [eta]
336 4000 381 4063 Et
395 3999 453 4064 dat
466 4020 523 4084 pro
538 4003 670 4086 gres'ma
685 4001 758 4066 40d.
770 4041 813 4051 -
823 4003 875 4066 De
896 4003 920 4085 ij
943 4003 1128 4066 hominibus
1150 4003 1270 4068 Scociae
1283 4023 1342 4087 pro

206 4085 349 4151 cultellis
372 4087 440 4151 suis
462 4088 614 4152 extractis
636 4088 678 4152 ad
698 4088 900 4172 percussend'
914 4088 1096 4153 Walterum
1117 4090 1216 4168 Yoill,
1230 4095 1263 4155 et
1284 4111 1341 4173 pro

203 4173 402 4237 contumelia
415 4174 502 4238 facta
515 4173 602 4256 apud
615 4174 647 4239 le
662 4174 784 4251 Schels,
798 4175 884 4240 unde
906 4179 974 4244 tota
987 4175 1138 4240 vicinitas
1151 4178 1342 4243 monebatur

204 4259 247 4323 de
258 4259 322 4322 fine
337 4279 404 4324 suc.
449 4261 535 4344 Pleg’
549 4261 658 4325 Adam
673 4260 712 4325 de
727 4261 847 4326 Birden
863 4260 1070 4328 etWalterus
1082 4263 1171 4327 Yoill
1188 4269 1253 4328 20s.
1297 4262 1341 4326 Et

203 4345 397 4429 praedictum
411 4352 578 4430 argentum
593 4353 643 4410 est
657 4346 693 4411 in
707 4367 807 4411 manu
821 4347 945 4412 terraiii
960 4369 1127 4434 quousque
1142 4350 1342 4415 excussiatur

205 4431 235 4496 si
249 4433 412 4496 Dominus
426 4433 606 4516 Episcopus
620 4433 674 4497 vel
688 4434 780 4497 Prior
795 4434 874 4518 [ce'c].

249 4518 434 4584 Hnsnosv.
479 4519 576 4584 Curia
597 4525 688 4584 tenta
708 4520 829 4585 ibidem
851 4520 904 4585 die
922 4521 1059 4586 Veneris
1081 4523 1176 4606 [Aug.
1195 4521 1228 4604 4]
1251 4539 1340 4602 prox.

204 4611 280 4689 post
308 4605 429 4670 festum
460 4607 490 4672 S.
521 4606 691 4672 Laurencii
720 4626 804 4672 anno
833 4607 970 4672 Domini
999 4615 1057 4674 etc.
1087 4609 1202 4691 lxviij0.
1260 4605 1339 4688 [The
