3278 5204
193 575 283 638 1372.
453 591 1061 643 urnnorrrmouurusnuunnunusrs.
1261 588 1320 646 113

233 746 538 813 Nerion-mmor.
583 749 649 832 [No
675 749 752 832 jury
781 750 922 834 named]
976 751 1141 817 Walterus
1170 754 1321 819 Muetnrd

191 833 277 916 oepit
291 833 313 917 ij
330 836 406 911 ten',
419 835 443 918 ij
459 834 531 900 bov.
546 837 670 919 terrae‚j
688 835 827 900 croftum
837 838 895 921 etj
912 858 1017 902 eorem
1028 838 1068 904 de
1078 839 1148 924 leys
1159 841 1274 906 ultimo
1285 841 1321 906 in

190 923 305 984 tenure
320 921 480 985 Willelmi
501 922 616 987 Fuler:
638 922 774 987 habend’
789 929 822 988 et
836 924 964 988 tenend'
979 925 1020 989 ed
1034 930 1124 990 term.
1140 928 1217 991 vitoe
1237 948 1320 994 suae:

190 1005 276 1070 redd.
292 1027 322 1090 p.
338 1027 364 1072 e.
383 1013 447 1072 26s.
467 1009 555 1074 10d.:
576 1009 759 1092 incipiendo
774 1009 896 1074 solvere
918 1010 959 1074 ed
980 1012 1100 1076 festum
1122 1013 1213 1078 Pent.
1236 1034 1320 1078 anno

191 1099 250 1158 eto.
265 1093 382 1178 lxxiij0.
426 1095 471 1158 Et
484 1096 537 1179 pd
555 1095 718 1160 Walterus
733 1095 882 1160 Musterd
895 1098 1022 1162 invenit
1043 1099 1089 1182 xij
1113 1120 1200 1164 aoros
1222 1101 1320 1165 unius

190 1197 307 1244 errrrrae
322 1189 355 1244 et
369 1181 416 1245 ite
429 1181 573 1247 dimittet
588 1183 623 1246 in
638 1183 702 1247 fine
723 1182 855 1246 termini
876 1183 935 1248 sui
979 1185 1023 1248 Et
1044 1185 1211 1250 sciendum
1233 1187 1320 1270 quod

190 1265 279 1330 idem
293 1267 455 1332 Walterns
470 1268 493 1353 ij
516 1269 580 1334 ten’
596 1289 670 1333 oum
692 1268 793 1334 orosto
814 1270 848 1332 in
872 1270 1045 1335 sufficienti
1066 1277 1155 1337 statu
1176 1273 1321 1338 dimittet

191 1353 269 1434 quie
283 1353 330 1417 ita
345 1355 439 1438 oepit.
448 1393 492 1404 -
501 1355 524 1420 J
526 1355 668 1420 ohannes
683 1356 833 1420 Mustord
848 1358 934 1440 oepit
951 1359 964 1440 j
987 1359 1126 1442 pleoiom
1140 1365 1265 1424 vestem
1286 1367 1321 1424 et

191 1439 227 1502 ix
249 1460 339 1504 neree
360 1448 453 1506 terrae
475 1441 590 1506 ultimo
612 1442 648 1505 in
669 1449 785 1506 tenura
806 1443 965 1508 Willelmi
986 1445 1091 1524 Fuier,
1109 1447 1212 1511 eoiom
1233 1447 1321 1530 oepit

188 1525 1321 1696 terrorrrzrurrrnrrmrrunr

191 1699 215 1781 ij
239 1719 328 1764 aeras
346 1702 360 1785 j
384 1721 520 1766 arrurae:
542 1701 629 1766 redd.
651 1722 709 1785 pro
730 1702 836 1785 plocio
856 1709 950 1768 veste
972 1725 1046 1769 oum
1067 1706 1103 1768 ix
1124 1706 1206 1770 eoris
1228 1713 1320 1771 terrae

190 1806 221 1869 p.
234 1807 260 1851 a.
279 1791 322 1851 ts.
340 1787 400 1865 ed„
414 1793 447 1852 et
461 1809 519 1871 pro
527 1789 540 1872 j
556 1788 672 1873 pleoia,
686 1789 718 1873 vj
735 1789 817 1854 aeris
832 1791 958 1873 terroej
975 1810 1048 1855 nora
1068 1793 1154 1875 preti
1170 1797 1214 1856 83.
1229 1813 1259 1876 p.
1275 1811 1320 1856 n:

192 1873 377 1956 incipiendo
392 1875 514 1939 solvere
529 1876 571 1940 od
585 1875 705 1940 festum
720 1876 811 1940 Pent.
826 1896 911 1940 anno
933 1883 991 1942 eto.
1006 1877 1116 1961 lxxiij⁰
1131 1879 1162 1962 [“
1171 1885 1205 1942 et
1219 1879 1320 1942 eciem

191 1960 277 2043 oepit
288 1981 391 2024 unum
402 1962 541 2026 oroftum
552 1963 568 1988 ’'
582 1963 686 2026 struck
701 1961 775 2046 out}
798 1963 842 2028 Et
852 1963 1018 2028 sciendum
1034 1964 1120 2047 quod
1134 1965 1320 2047 praediotam

191 2050 309 2110 terram
322 2047 358 2111 in
372 2048 546 2112 sufficienti
560 2053 647 2113 statu
669 2048 820 2114 dimittet.
865 2050 1016 2115 Inveniet
1030 2043 1078 2133 pl''
1089 2051 1129 2114 ad
1144 2052 1233 2134 prox’
1248 2052 1321 2116 eur’.

191 2133 411 2198 —Walterus
433 2135 583 2199 Muetard
605 2135 691 2218 oepit
705 2155 810 2199 unum
827 2137 967 2200 oroitum
982 2137 1144 2220 quondam
1158 2137 1192 2200 in
1208 2145 1323 2202 tenure

192 2220 325 2284 Roberti
346 2220 455 2305 Wily:
476 2221 612 2286 hebend
629 2227 662 2286 et
683 2226 747 2286 ten
763 2222 804 2286 ed
825 2227 915 2287 term.
931 2223 1031 2288 trium
1053 2244 1219 2302 annorum,
1234 2223 1321 2288 redd.

192 2326 222 2388 p.
246 2326 272 2371 a.
299 2307 388 2371 lid:
416 2307 601 2392 incipiendo
623 2308 745 2372 solvere
771 2308 812 2372 ed
834 2309 952 2373 festum
976 2311 1067 2375 Pent.
1090 2332 1143 2394 px,
1166 2312 1321 2375 futurum.

191 2393 410 2458 -Henrious
440 2395 551 2459 Oerter
583 2395 670 2478 oepit
705 2416 808 2458 unum
844 2397 1013 2480 rotagium,
1042 2397 1083 2462 di
1114 2418 1195 2462 eorae
1230 2402 1323 2462 terrae

191 2480 355 2562 quondam
368 2481 405 2543 in
417 2488 531 2545 tenura
553 2483 575 2546 J
577 2481 712 2546 ohannis
734 2481 912 2564 Shephird:
934 2483 1070 2548 habend.
1084 2489 1118 2548 et
1139 2484 1266 2549 tenend.
1282 2483 1324 2547 ad

190 2567 393 2632 voluntatem
414 2567 558 2645 Domini,
572 2569 648 2651 quie
662 2567 793 2632 nativus
814 2568 967 2633 Domini:
989 2571 1076 2635 redd.
1091 2591 1121 2654 p.
1131 2593 1157 2636 a.
1176 2571 1246 2635 19d.
1257 2570 1324 2634 ob.:

190 2653 376 2736 inoipiendo
390 2654 513 2719 solvere
535 2655 576 2719 ed
597 2655 718 2719 festum
739 2654 835 2720 Mem.
850 2676 904 2738 px.
922 2656 1323 2722 futurum-willelmus

192 2740 353 2823 Shephird
382 2741 422 2805 de
451 2740 594 2806 Nesham
623 2741 710 2825 oepit
735 2762 838 2805 unum
863 2743 1032 2826 ootegium,
1056 2744 1092 2826 iij
1117 2764 1206 2808 nores
1231 2748 1324 2807 terroe

190 2827 354 2910 quondam
368 2827 405 2890 in
418 2833 532 2892 tenura
545 2829 569 2892 J
570 2828 707 2893 ohennie
721 2828 932 2893 Mertindall:
952 2829 1089 2895 habend.
1101 2835 1134 2894 et
1144 2830 1272 2894 tenend.
1283 2829 1324 2892 ed

190 2918 283 2977 term.
298 2913 435 2977 duorum
457 2935 631 2979 annornm:
654 2914 740 2979 redd.
755 2935 785 2997 p.
801 2934 827 2979 a.
845 2921 909 2980 te:
931 2916 1116 2999 incipiendo
1138 2916 1260 2980 solvere
1283 2915 1324 2978 ed

189 3001 311 3064 foetum
326 3001 416 3065 Pent.
432 3022 516 3065 anno
531 3007 590 3066 ete.
604 3001 714 3084 lxxiij⁰
728 3001 810 3086 pleg.
825 3002 954 3085 [hinniet

235 3087 454 3152 Wnrrmsnnn.
499 3088 707 3171 compertum
722 3088 820 3152 estin
836 3089 924 3153 ouria
937 3089 1023 3171 quod
1037 3087 1221 3152 Willelmus
1237 3087 1324 3152 Aion

190 3180 358 3257 recuperet
372 3194 483 3238 versus
498 3179 646 3239 tenentes
660 3173 747 3238 villae
761 3195 861 3238 unam
882 3174 1012 3258 garbam
1034 3176 1225 3258 sigittarum‚
1240 3194 1323 3259 pree.

194 3260 266 3325 18d.
320 3259 376 3343 [In
398 3261 531 3325 statutis
556 3261 705 3325 secundis
727 3261 860 3326 Roberti
881 3277 902 3326 1.
918 3261 1014 3345 Regis
1037 3262 1160 3338 Sootim,
1182 3282 1249 3346 cap.
1275 3263 1325 3335 27,

192 3367 215 3412 s.
231 3353 259 3423 4,
270 3349 369 3430 garbe
383 3348 573 3432 sagittarum
595 3347 715 3412 dieitur
736 3355 881 3413 constare
898 3354 946 3413 24.
962 3348 1325 3432 sagittis.-Dufreene.]

191 3434 327 3497 —Diee
343 3434 437 3498 datus
460 3435 598 3500 Roberto
621 3435 747 3500 Ponder
769 3435 809 3498 ad
831 3435 890 3499 iae'
911 3435 1015 3519 legem
1037 3457 1130 3500 suem
1151 3436 1238 3519 quod
1259 3455 1325 3498 non

193 3521 291 3585 debet
303 3519 386 3584 Adae
400 3521 522 3585 famulo
539 3522 562 3587 J
564 3522 700 3586 ohannis
722 3521 763 3586 de
784 3521 936 3586 Dunelm
955 3523 968 3606 j
992 3523 1104 3588 rodem
1125 3523 1271 3588 fabarum
1293 3527 1326 3585 et

191 3607 252 3691 pis'
268 3605 308 3670 de
323 3611 467 3690 tempore
481 3628 545 3691 quo
560 3610 744 3673 morabatur
758 3629 832 3672 oum
846 3629 883 3672 eo
897 3629 955 3692 pro
969 3609 1114 3674 bonitate
1128 3629 1194 3674 sua.

237 3694 458 3759 Hnwolrrnne.
496 3695 687 3778 Injunotum
695 3701 745 3760 est
756 3695 905 3760 omnibus
916 3696 1100 3762 tenentibus
1112 3697 1200 3759 villae
1210 3695 1326 3778 nequis

193 3801 305 3844 eorum
319 3781 572 3864 transgrediatur
586 3782 681 3846 alteri
697 3783 733 3846 in
754 3782 940 3865 litigaoione
961 3803 1019 3866 per
1032 3782 1130 3846 verbe
1150 3802 1208 3864 pro
1230 3798 1328 3844 conse

191 3867 360 3951 pugnandi
385 3868 446 3932 sub
470 3889 567 3952 poene
594 3868 818 3933 nos.s01vend’
839 3890 897 3952 per
922 3869 1030 3952 ipsum
1055 3868 1113 3951 qui
1137 3867 1174 3930 in
1198 3866 1327 3931 defectu

192 3954 352 4036 reperitur
366 3960 399 4018 et
413 3955 474 4018 sub
489 3955 601 4019 eadem
614 3975 711 4038 poene
725 3955 811 4039 quod
830 3957 903 4020 ven’
917 3955 952 4018 in
974 3955 1133 4019 armiliurn
1155 3973 1228 4018 oum
1250 3974 1328 4037 pree-

192 4040 299 4124 poeito
333 4061 409 4104 oum
445 4041 609 4105 communi
638 4041 1071 4125 voluntate-Injunotum
1099 4046 1149 4104 eet
1178 4042 1328 4105 omnibus

191 4126 381 4192 tenentibus
396 4127 484 4192 vinae
499 4127 586 4211 quod
601 4128 660 4190 err’
675 4128 796 4193 faciant
807 4133 926 4193 terram
940 4149 1032 4192 suem
1048 4128 1132 4192 siout
1147 4128 1328 4212 antiquitus

191 4214 328 4284 fuerunt
344 4212 414 4297 [sio]
429 4240 435 4278 :
457 4214 505 4279 ite
519 4215 607 4297 quod
621 4214 743 4298 injuste
757 4215 812 4278 via
826 4236 891 4280 non
906 4215 970 4282 fiat.

234 4301 405 4364 Forwnm.
464 4300 626 4366 Johennis
656 4301 696 4366 de
733 4302 896 4366 Monkton
912 4339 925 4352 ·
941 4339 953 4351 -
969 4303 1056 4386 oepit
1072 4339 1084 4351 ·
1101 4338 1113 4350 ·
1129 4302 1257 4367 tenend’
1288 4301 1329 4365 od

191 4386 396 4452 voluntatem
409 4387 545 4452 Domini
559 4389 636 4471 quio
650 4388 781 4452 nativus
796 4393 852 4453 est.

238 4474 392 4539 Hnnrou.
436 4475 568 4539 Thomae
584 4475 688 4558 Oolyn
703 4513 718 4524 -
733 4475 848 4559 -oepit
870 4497 973 4540 unum
993 4475 1193 4558 bondegium
1215 4474 1331 4538 ultimo

192 4560 228 4624 in
244 4564 361 4625 tenure
375 4561 493 4626 Aliciae
507 4583 611 4646 nuper
624 4562 734 4627 uxoris
748 4562 879 4628 Rioordi
894 4564 979 4648 Page
994 4561 1080 4646 quod
1094 4560 1256 4644 quondam
1268 4559 1332 4623 fuit
1458 4621 1460 4624 .

762 4664 786 4712 H
1128 4683 1129 4686 ,
