3278 5204
295 581 356 639 112
553 589 712 639 umori
726 589 908 640 rmousrus
922 590 1163 642 ouumuuers.
1233 581 1427 644 1371-1372.

336 748 479 814 Nomos
501 796 508 812 .
531 795 539 812 .
562 797 569 813 .
591 763 660 813 rur.
693 747 859 813 Walterus
869 747 1211 834 Bischopp,Ricardus
1222 749 1276 816 del
1286 750 1428 816 Neuton.

293 873 338 886 -
349 835 553 900 Praesentant
567 833 654 918 quod
668 834 836 900 «Iohannes
851 834 1013 920 Shephird
1035 837 1122 920 cepit
1142 857 1246 902 unum
1267 839 1430 922 cotagium

293 921 457 1006 quondam
485 921 523 986 in
550 927 666 986 tenura
701 921 863 987 «Iohannis
898 921 960 986 filii
995 922 1097 988 Alani
1132 925 1219 1007 quod
1253 924 1427 1009 praedictus

293 1009 460 1076 Johnnnes
483 1006 645 1093 Shephird
659 1008 747 1093 cepit
760 1008 801 1072 ed
815 1013 906 1074 term.
922 1009 1021 1074 unius
1042 1010 1140 1074 euni:
1161 1016 1196 1076 et
1216 1031 1320 1076 unum
1340 1017 1428 1076 cota-

292 1096 383 1248 §ium
397 1097 433 1160 in
447 1101 562 1161 tenura
574 1095 599 1160 J
600 1095 736 1160 ohannis
751 1095 791 1160 de
812 1097 961 1180 Iangton
982 1097 1070 1179 quod
1090 1097 1224 1181 reliquit
1244 1098 1286 1162 ad
1306 1098 1428 1162 festum

317 1233 324 1248 .
340 1182 495 1248 Martini:
516 1187 549 1248 et
563 1201 651 1247 nuno
666 1186 754 1247 stant
762 1183 919 1247 vacantia
963 1183 1008 1246 Et
1021 1182 1206 1268 injunctum
1220 1189 1269 1249 est
1283 1187 1306 1250 J
1307 1185 1430 1249 ohanni

293 1270 335 1334 de
360 1271 508 1354 Iangton
533 1267 619 1352 quod
642 1269 783 1353 reparari
807 1269 905 1334 secut
934 1269 1127 1353 praedictum
1152 1272 1315 1354 ootogium
1340 1272 1430 1355 quod

293 1357 402 1421 tenuit
416 1355 497 1420 citra
507 1355 597 1440 prox’
613 1355 687 1434 oud,
702 1356 763 1420 sub
777 1375 874 1440 poena
888 1357 930 1422 di
945 1376 1069 1422 marcae.
1112 1358 1157 1421 Et
1177 1358 1362 1442 injunctum
1377 1364 1429 1422 est

290 1443 354 1525 jur’
383 1442 470 1526 quod
497 1441 665 1525 inquirant
701 1448 861 1526 quantum
889 1443 1051 1527 rotagium
1080 1444 1241 1509 «Iohannis
1266 1444 1428 1529 Shephird

291 1529 504 1681 ddoeriomw
517 1529 553 1592 in
567 1533 684 1594 tenure
698 1549 757 1594 sua
768 1533 802 1594 et
816 1533 1014 1614 praesentent
1029 1529 1070 1594 od
1084 1530 1174 1614 prox'
1185 1531 1250 1596 curi
1259 1531 1320 1596 sub
1331 1552 1429 1616 poena

350 1635 474 1682 marcae.

335 1703 458 1768 Aenus.
501 1701 554 1767 De
575 1701 727 1768 Johanne
748 1721 820 1785 quae
841 1702 907 1766 fuit
928 1723 1011 1766 uxor
1034 1703 1123 1766 Petri
1146 1703 1186 1768 de
1208 1703 1347 1788 Thiklcy
1368 1725 1427 1789 pro

291 1791 351 1855 arr'
364 1790 463 1855 unius
477 1789 595 1874 cotragii
609 1787 696 1873 quod
710 1789 796 1872 cepit
811 1794 885 1872 post
907 1794 1043 1854 mortem
1056 1790 1110 1873 pd.
1122 1790 1212 1854 Petri
1225 1791 1289 1854 viri
1303 1793 1354 1856 sui
1368 1813 1427 1875 pro

293 1898 358 1961 quo
380 1877 515 1942 solvisse
537 1876 650 1941 debuit
670 1896 701 1959 p.
724 1896 751 1940 a
776 1881 820 1940 6s.
842 1876 931 1960 quod
952 1882 1048 1942 antea
1069 1877 1168 1941 solvit
1192 1883 1246 1954 3s.‚
1267 1878 1307 1942 de
1332 1879 1428 1943 annis

294 1964 412 2048 elapsis
443 1970 487 2030 6s.
546 1963 569 2028 J
570 1962 712 2028 ohannes
741 1961 955 2027 Edmundson
982 1961 1075 2028 venit
1089 2001 1103 2012 -
1118 1970 1181 2028 -et
1209 1965 1296 2048 cepit
1324 1985 1427 2029 unum

293 2052 455 2136 cotagium
481 2049 567 2134 quod
593 2049 756 2133 quondam
778 2049 843 2113 fuit
864 2049 953 2113 Petri
974 2050 1015 2114 de
1037 2049 1177 2134 Thikley
1199 2058 1232 2115 et
1252 2051 1369 2115 ultimo
1391 2052 1428 2115 in

292 2143 408 2202 tenura
421 2139 445 2202 J
446 2137 581 2201 channae
595 2135 716 2200 relictae
738 2135 883 2220 ejusdem
905 2136 1013 2200 Petri:
1034 2136 1171 2200 habend.
1187 2144 1220 2201 et
1240 2138 1369 2203 tenend
1384 2139 1427 2202 ad

293 2229 385 2288 term.
401 2223 478 2288 vitae
493 2243 580 2287 suae:
602 2222 688 2288 redd
705 2244 735 2307 p.
751 2243 778 2286 a
797 2228 840 2287 ts.
856 2223 942 2306 quod
956 2223 1047 2307 prius
1061 2223 1203 2287 reddidit
1223 2223 1260 2287 in
1281 2230 1426 2308 tempore

295 2309 384 2376 Petri
399 2309 439 2374 de
454 2308 594 2392 Thikley
610 2314 655 2374 3s.
671 2347 685 2358 -
701 2345 714 2358 -
758 2309 802 2373 Et
817 2309 873 2374 dat
887 2329 944 2392 pro
958 2309 1103 2394 gres’m’a
1115 2309 1205 2375 sod:
1227 2311 1427 2376 condonatur

292 2417 350 2480 per
363 2395 540 2462 terrarium.

342 2573 403 2636 137
408 2576 434 2636 2.
453 2569 723 2655 I.-ApudFery,
737 2569 831 2636 1Ju1.
845 2570 944 2655 [Wrn
960 2569 1000 2636 de
1014 2571 1171 2656 Aslakby,
1182 2571 1301 2636 bursar.
1331 2573 1429 2637 Elvet

295 2659 360 2723 and
375 2658 481 2723 others
497 2658 655 2742 omitted}

338 2745 472 2810 Esr-M'.
526 2745 716 2829 Injuncturn
739 2748 789 2808 est
809 2744 873 2828 jur‘
895 2749 929 2809 et
953 2745 1104 2810 omnibus
1128 2745 1316 2810 tenentibus
1338 2745 1428 2809 villae

295 2833 382 2916 quod
410 2832 544 2897 videant
573 2838 606 2896 et
629 2831 797 2915 inquirant
820 2831 860 2896 de
881 2832 895 2916 j
923 2831 1001 2896 rode
1025 2837 1118 2896 terrae
1145 2852 1243 2915 quarn
1267 2832 1428 2896 Robertus

295 2919 424 3004 Paulyn
445 2919 538 2984 clam'
559 2923 598 2982 ut
615 2919 670 3003 jus
692 2937 789 2981 suum
812 2922 846 2982 et
868 2938 926 3001 pro
949 2939 1015 3002 qua
1032 2919 1120 2983 idem
1144 2919 1303 2983 Rcbertus
1329 2919 1428 2983 solvit

294 3007 421 3070 firmam
446 3010 484 3070 ut
506 3004 851 3088 dicit-Injunctum
875 3009 926 3069 est
951 3005 1101 3070 omnibus
1126 3006 1313 3070 tenentibus
1338 3005 1428 3069 villae

294 3094 382 3176 quod
396 3093 516 3157 faciant
531 3111 734 3157 communem
748 3089 870 3154 fuldam
883 3091 919 3154 in
941 3097 1026 3156 certo
1040 3091 1112 3156 loco
1133 3092 1294 3176 assignato
1310 3092 1357 3156 eis
1371 3113 1430 3176 per

293 3179 479 3244 Dominum.
489 3217 533 3228 -
543 3178 681 3243 Thomas
696 3179 719 3244 J
720 3197 857 3242 onesscn
870 3178 961 3242 venit
975 3178 1010 3241 in
1025 3179 1114 3242 curia
1127 3184 1161 3242 et
1174 3180 1261 3262 cepit
1276 3179 1430 3244 Ooumer-

294 3265 365 3348 leys
380 3270 413 3330 et
426 3265 463 3349 iij
479 3285 567 3329 acras
582 3264 622 3329 de
635 3264 705 3347 leys
721 3264 883 3348 quondam
897 3264 933 3328 in
948 3271 1063 3329 tenura
1085 3265 1215 3328 Ricardi
1229 3265 1369 3330 Milnere
1383 3301 1399 3312 -
1413 3303 1429 3312 -

296 3371 464 3434 quousque
479 3351 562 3414 alios
576 3357 691 3415 tenens
705 3350 829 3415 venerit
845 3350 902 3434 qui
915 3371 973 3435 pro
988 3350 1109 3416 eisdem
1124 3351 1217 3415 finire
1230 3352 1370 3416 voluerit
1386 3352 1428 3416 ad

296 3437 442 3503 servand'
456 3437 511 3501 vel
524 3436 599 3520 plus
620 3437 743 3501 solvere
756 3460 763 3501 ε
785 3437 871 3501 redd
886 3458 916 3521 p.
932 3457 959 3501 a
974 3438 1130 3502 scaccario
1152 3438 1287 3502 Domini
1308 3438 1428 3503 Prioris

298 3533 342 3591 2s.
354 3559 398 3571 -—
408 3524 460 3589 De
474 3524 597 3588 Thomu
611 3523 750 3588 Milnere
764 3524 841 3607 quia
854 3524 961 3588 noluit
974 3529 1080 3588 tacere
1093 3545 1151 3608 pro
1166 3524 1350 3602 senescallo,
1366 3525 1417 3590 6d.

339 3613 438 3677 Fruar.
463 3612 487 3676 J
488 3610 631 3676 ohannes
642 3611 682 3675 de
693 3611 776 3694 Fery
787 3611 873 3695 oepit
878 3612 891 3694 j
905 3611 1023 3675 toftum
1035 3616 1068 3676 et
1075 3611 1123 3694 iiij
1136 3631 1224 3676 acras
1235 3616 1269 3675 et
1281 3611 1322 3676 di
1335 3615 1430 3676 terrae

294 3719 367 3784 quae
381 3699 512 3763 fuerunt
534 3697 648 3762 Jacobi
671 3697 839 3781 Sokynnor
854 3697 885 3781 [“
896 3697 933 3761 in
951 3697 1024 3780 jure
1034 3697 1051 3724 ”
1066 3697 1268 3782 enelred:
1290 3696 1428 3762 habend

294 3823 309 3834 -
324 3825 339 3836 -
353 3785 395 3850 ad
409 3790 500 3850 term.
516 3783 594 3849 vitae
619 3804 703 3848 suae:
724 3783 811 3848 redd.
833 3788 867 3848 et
886 3783 1032 3848 faciendo
1057 3788 1153 3868 prout
1175 3783 1263 3848 idem
1285 3786 1309 3850 J
1310 3785 1429 3850 accbus

294 3872 436 3938 reddidit
451 3877 484 3936 et
497 3871 582 3936 fecit
597 3907 613 3918 -
628 3907 641 3920 ·
652 3909 696 3920 -
705 3869 896 3953 Injunctum
910 3875 960 3935 est
975 3870 1097 3935 eisdem
1115 3870 1178 3954 jur'
1193 3871 1280 3954 quod
1294 3871 1429 3935 videant

296 3965 330 4024 et
354 3959 522 4042 inquirant
547 3962 705 4040 quantum
726 3956 792 4020 ten'
813 3976 917 4038 nuper
937 3955 973 4019 in
994 3963 1109 4021 tenura
1130 3957 1256 4042 Jacoby
1278 3957 1430 4040 Skynner

295 4045 506 4109 deterioratur
529 4043 566 4106 in
587 4049 702 4108 tenura
726 4062 792 4107 sua
804 4043 908 4107 -De
933 4043 1056 4128 Bogero
1077 4043 1118 4108 de
1143 4043 1281 4128 Trollcp,
1304 4044 1429 4108 Thomu

296 4133 420 4213 Gaugy,
443 4131 466 4194 J
468 4130 594 4193 channe
610 4129 693 4194 Yole
713 4150 771 4212 pro
794 4129 957 4194 communi
978 4131 1183 4196 concessione
1202 4151 1262 4215 pro
1283 4131 1429 4197 utilitate

293 4217 474 4283 vicinorum
487 4215 571 4291 fact',
585 4214 625 4278 de
640 4215 784 4298 quolibet
800 4215 849 4280 6d.

339 4303 461 4367 Actor.
505 4301 696 4385 Injunctum
710 4305 759 4365 est
774 4302 923 4368 omnibus
940 4303 1128 4368 tenentibus
1142 4303 1231 4368 villae
1254 4305 1341 4386 quod
1362 4324 1430 4368 non

296 4393 419 4457 intrant
434 4387 504 4474 [sio]
519 4407 652 4471 parcum
665 4387 731 4451 nisi
744 4408 802 4472 per
822 4393 992 4473 portas.-
1002 4390 1083 4474 [The
1104 4391 1290 4455 water-mill
1310 4391 1358 4456 let
1379 4392 1430 4457 for

295 4487 360 4547 two
382 4497 482 4562 years.
541 4474 752 4559 “Percipient
776 4475 953 4540 molturam
982 4477 1022 4541 do
1051 4477 1201 4541 firmariis
1226 4479 1363 4543 manerii
1388 4479 1429 4542 de

296 4567 399 4648 Acley
420 4568 537 4648 praeter
557 4561 597 4626 de
620 4581 686 4625 unc
712 4561 768 4645 qni
792 4582 858 4625 non
880 4562 981 4627 molet
1003 4563 1068 4628 nisi
1090 4563 1176 4630 sicut
1196 4563 1278 4630 facit
1299 4565 1431 4650 quando

294 4671 381 4718 unus
395 4650 553 4714 firmarius
568 4648 674 4713 tenuit
688 4647 907 4731 mmeriumss’]
