3224 5212
287 561 348 621 156
548 571 1160 621 11111110111110111111111111111111111518.
1331 557 1432 617 1379.

285 729 401 796 Letani
415 729 450 793 in
465 729 642 814 praesencia
660 730 742 794 dom.
760 729 878 794 Peioris
899 730 939 794 ad
956 750 1036 814 opus
1050 730 1154 813 ipsius
1169 729 1269 808 Rob.;
1293 727 1367 793 hab.
1385 725 1433 789 ad

284 819 488 881 voluntatem
510 817 594 882 dom.
610 817 739 892 Prioris,
755 839 792 881 eo
808 817 894 900 quod
915 825 964 881 est
979 818 1110 882 nativus
1134 817 1226 891 dom,
1241 815 1326 879 redd
1350 835 1383 898 p.
1399 834 1431 876 a.

285 905 320 987 iij
331 927 354 968 s.
376 905 408 986 vj
420 904 450 969 d.
474 925 553 968 scae.
570 905 653 968 dom.
670 905 789 968 Prioris
812 911 909 987 prout
930 905 1029 989 praed.
1044 906 1067 970 J
1069 903 1118 967 oin
1136 903 1285 979 reddidit,
1307 909 1340 966 et
1366 920 1432 984 pro

285 992 435 1076 operibus
465 991 601 1056 manerii
630 1013 676 1055 xv
693 991 732 1068 d.,
757 997 790 1056 et
819 992 929 1056 omnia
958 993 1022 1056 alia
1059 991 1194 1056 servicia
1223 998 1301 1073 pert
1327 988 1430 1073 praed.

285 1099 429 1144 manerio
445 1115 458 1128 ·
474 1114 487 1126 ·

330 1167 576 1229 Wunurunrou.
621 1165 673 1229 De
695 1165 846 1230 omnibus
868 1165 1055 1230 tenentibus
1076 1164 1165 1230 villae
1187 1185 1244 1248 pro
1259 1163 1430 1246 arreragiis

286 1253 366 1317 firm.
384 1253 424 1316 de
439 1252 674 1316 Williamsmor
695 1273 761 1336 pro.
778 1254 835 1335 xiij
853 1273 902 1316 an.
920 1252 1047 1334 elapsis,
1063 1252 1208 1336 quolibet
1223 1272 1306 1314 anno
1321 1273 1343 1314 x
1355 1271 1432 1313 s·-

285 1341 364 1404 Reb.
378 1339 421 1402 111.
432 1339 570 1402 Andreae
580 1341 666 1422 cepit
677 1339 691 1422 j
708 1360 800 1403 mess.
810 1340 877 1422 xlvj
889 1361 916 1403 a.
925 1347 959 1404 et
968 1339 1087 1421 eniamj
1102 1359 1192 1403 mess.
1204 1345 1237 1402 et
1248 1360 1315 1401 xxx
1324 1359 1350 1401 a
1364 1344 1430 1400 ter.

284 1447 352 1490 voe.
364 1425 631 1504 Qwitmallands3
651 1426 722 1490 hab.
734 1427 773 1490 ad
786 1436 876 1490 term.
889 1427 966 1490 vitae
977 1447 1052 1503 auae,
1063 1426 1150 1491 redd.
1164 1426 1331 1508 antiquam
1342 1425 1428 1488 firm

285 1521 319 1578 et
334 1513 455 1588 servia,
467 1518 500 1576 et
514 1513 642 1577 invenit
656 1535 700 1576 xx
717 1535 743 1578 a
760 1515 845 1577 binae
860 1533 978 1576 arrurae
993 1533 1073 1596 quas
1096 1514 1143 1577 sie
1158 1512 1318 1591 dimittet3
1339 1511 1429 1594 pleg.

285 1600 375 1664 Will.
392 1599 445 1664 del
460 1602 538 1662 Raw
557 1601 627 1682 jun.
653 1601 732 1683 [aad
755 1597 875 1685 others}
921 1603 964 1664 Et
986 1603 1014 1664 si
1032 1601 1198 1684 contingat
1220 1599 1306 1683 quod
1327 1599 1429 1682 praed.

286 1686 365 1752 Rob.
389 1687 433 1750 sit
453 1693 597 1750 mortuus
620 1687 705 1751 infra
729 1688 765 1770 iij
791 1709 841 1753 aru
857 1687 1007 1751 dominus
1030 1687 1122 1751 Prior
1136 1687 1208 1751 vult
1231 1694 1264 1750 et
1278 1684 1430 1750 concedit

286 1774 373 1858 quod
387 1773 476 1837 WilL
494 1774 546 1838 del
562 1775 640 1838 st
652 1775 732 1858 jun„
743 1775 771 1838 si
782 1775 910 1851 vixerit,
921 1775 1039 1839 habeat
1053 1774 1149 1859 praed.
1161 1793 1254 1838 mess.
1267 1779 1300 1837 et
1313 1779 1370 1836 ter.
1383 1771 1429 1834 ad

285 1867 377 1926 term.
393 1862 493 1925 trium
509 1881 582 1925 ann.
597 1897 612 1912 ·
627 1899 640 1910 -
655 1900 701 1910 -

329 1950 533 2013 Huwoarus
579 1945 776 2012 Memorand.
794 1947 880 2031 quod
902 1949 1021 2012 Terrar.
1038 1948 1125 2031 cepit
1144 1967 1201 2031 pro
1219 1947 1289 2010 luto
1304 1947 1343 2010 de
1358 1950 1428 2010 ten.

285 2036 350 2100 luti
360 2037 416 2119 xiij
427 2057 450 2100 s.
461 2036 508 2118 iiij
520 2035 647 2100 d-De
661 2035 684 2099 J
686 2036 735 2100 oh.
752 2035 863 2098 Buron
878 2041 912 2099 et
926 2036 1033 2098 Adam
1042 2036 1154 2100 Potter
1168 2034 1208 2099 de
1220 2033 1429 2098 Gatasheued

287 2143 345 2206 pro
360 2123 470 2186 lieene.
488 2143 582 2206 quaer.
599 2122 706 2185 lutum
722 2123 803 2206 perj
822 2143 871 2186 an.
888 2143 945 2204 per
959 2123 981 2205 ij
999 2123 1155 2198 homines,
1171 2143 1216 2184 xx
1228 2142 1251 2186 s.

331 2210 354 2273 J
354 2224 480 2272 Anowu.
520 2209 711 2290 Injunctum
723 2218 773 2272 est
784 2216 849 2274 ten.
861 2210 957 2285 villae,
967 2210 1053 2293 quod
1069 2230 1174 2272 vaccar
1189 2215 1222 2272 et
1236 2207 1345 2271 omnia
1360 2207 1428 2270 alia

287 2296 403 2372 averia,
419 2302 535 2379 praeter
549 2297 647 2360 boves
669 2303 703 2360 θῖ
725 2316 824 2379 equos
840 2297 1005 2360 trahentes
1023 2304 1056 2360 et
1071 2297 1229 2371 bidentes,
1250 2295 1429 2378 depascant

285 2383 321 2445 in
344 2402 514 2446 commune
536 2402 634 2456 mora,
649 2388 682 2446 et
702 2403 765 2446 non
791 2383 877 2459 alibi,
892 2384 953 2447 sub
975 2403 1073 2466 poena
1094 2383 1169 2447 xld.
1190 2382 1330 2446 solvend.
1353 2389 1428 2457 eta,

286 2477 319 2533 et
341 2470 443 2533 eciam
465 2468 553 2552 quod
575 2468 686 2532 nullus
706 2489 817 2532 eorum
839 2472 1031 2554 permittant
1053 2470 1159 2546 bovae,
1181 2489 1289 2552 equos,
1311 2489 1427 2552 porcos

286 2576 391 2632 aucas,
413 2575 472 2620 neu
497 2555 606 2638 aliqua
627 2557 734 2619 averia
756 2577 814 2620 sua
836 2557 924 2621 exire
939 2558 1054 2621 villam
1074 2557 1144 2621 sine
1160 2556 1333 2621 sufficienti
1354 2575 1427 2618 cus-

286 2643 375 2707 todia
390 2643 451 2707 sub
465 2643 576 2706 eadem
592 2662 695 2726 poena

330 2730 511 2795 Monimou.
557 2730 748 2814 Injunctum
763 2736 814 2794 est
829 2731 980 2795 omnibus
995 2737 1069 2808 ten,
1084 2730 1173 2815 quod
1187 2730 1298 2795 nullus
1313 2750 1426 2793 eorum

287 2824 435 2901 egestant
457 2837 570 2900 porcos
596 2838 656 2881 nee
679 2818 788 2900 aliqua
810 2819 918 2882 averia
940 2818 1025 2882 infra
1046 2832 1212 2903 pasturam
1234 2818 1331 2894 villae,
1359 2817 1426 2880 nisi

286 2906 396 2969 averia
417 2925 476 2968 sua
486 2905 624 2987 propria,
640 2905 700 2968 sub
716 2905 841 2989 [poena]
864 2906 899 2968 xl
909 2904 937 2970 d.
962 2905 1102 2970 solvend.
1126 2905 1425 2988 etc.—Injunetum

286 2997 336 3055 est
362 2993 511 3056 omnibus
536 2999 600 3056 ten.
626 2992 714 3055 villae
737 3013 779 3056 ne
805 2999 869 3056 ten.
893 2993 933 3056 de
959 2993 982 3056 J
984 3013 1068 3057 arow
1097 2993 1290 3077 permittant
1315 2992 1425 3074 aliqua

287 3078 395 3142 averia
410 3099 469 3143 sua
479 3078 601 3144 intrare
616 3079 775 3162 stipulum
791 3086 965 3163 antequam
978 3078 1062 3146 bled.
1076 3085 1263 3143 amoveatur
1274 3079 1314 3142 de
1329 3085 1425 3155 terra,

286 3172 403 3248 praeter
428 3186 536 3248 equos,
560 3167 658 3230 boves
690 3167 864 3241 trahentes,
891 3168 952 3230 sub
976 3187 1072 3250 poena
1096 3166 1131 3228 xl
1142 3166 1171 3230 d.
1196 3165 1339 3230 solvend.
1363 3172 1422 3229 ete.

287 3253 478 3334 Injunetum
493 3260 544 3315 est
558 3253 707 3316 omnibus
723 3261 788 3323 ten,
806 3253 894 3316 villae
915 3253 1002 3336 quod
1017 3253 1182 3317 emendari
1197 3252 1318 3317 iaciant
1341 3252 1424 3315 altas

286 3339 356 3400 vias
378 3339 465 3400 infra
486 3345 575 3420 sept,
596 3339 656 3403 sub
679 3360 774 3422 poena
793 3341 826 3421 vj
840 3341 868 3404 d.
893 3340 1034 3404 solvend.
1056 3341 1352 3424 eta-Injunetum
1375 3345 1424 3403 est

287 3425 417 3487 Thomae
432 3425 530 3488 Lame
545 3425 631 3506 quod
646 3426 787 3508 reparari
809 3427 908 3490 faeiat
930 3447 1029 3490 unam
1043 3426 1207 3511 grangiam
1223 3427 1424 3491 combustam

286 3511 322 3574 in
338 3516 453 3574 tenura
468 3530 527 3573 sua
542 3512 623 3574 citra
638 3512 710 3576 fest.
729 3514 758 3577 S.
775 3513 886 3590 Mich„
902 3515 962 3577 sub
977 3534 1074 3596 poena
1090 3514 1124 3576 xl
1136 3535 1159 3578 s.

329 3597 542 3661 Wuanouru.
586 3596 637 3662 De
653 3599 720 3663 Ric.
736 3600 778 3664 fil.
794 3601 870 3685 Rog.
887 3621 946 3684 pro
964 3601 1049 3665 irath
1064 3602 1155 3666 fraet
1170 3620 1228 3684 per
1249 3620 1363 3683 porcos
1383 3599 1425 3664 de

285 3685 431 3770 qualibet
452 3684 523 3748 viee
538 3685 570 3768 vj
584 3684 613 3748 d.
633 3683 730 3771 [aare
751 3688 837 3750 other
859 3695 982 3752 tenuata
1002 3689 1164 3772 similarly
1177 3686 1293 3773 fiand}
1340 3687 1423 3752 Oan-

285 3774 453 3840 cordatum
468 3779 517 3836 est
533 3771 619 3856 quod
634 3772 744 3838 nullus
759 3782 819 3837 cot.
836 3780 925 3839 tenet
945 3775 1034 3858 nisij
1050 3797 1181 3840 vaccam
1202 3774 1256 3840 vei
1278 3775 1424 3858 quinque

284 3861 443 3936 bidentes
458 3867 492 3924 et
511 3881 577 3923 non
600 3860 717 3942 plures,
738 3867 771 3925 et
793 3861 844 3924 1111
864 3863 922 3945 qui
943 3863 1065 3927 habent
1086 3863 1195 3946 plures
1218 3861 1425 3927 emoriantur

287 3946 358 4033 [sia]
373 3948 454 4012 citra
468 3967 556 4030 prox.
573 3967 638 4010 cnr.
656 3947 716 4010 sub
732 3967 829 4029 poena
844 3949 879 4011 xl
890 3949 919 4012 d.

330 4034 559 4097 Wuvnsrown.
615 4035 666 4097 De
689 4034 797 4098 Alicia
827 4055 927 4099 uxore
953 4035 1021 4100 Rie.
1047 4034 1187 4100 Dioteon
1214 4037 1295 4120 [aad
1324 4036 1425 4098 elenen

285 4120 370 4183 other
391 4119 521 4201 worma]
543 4133 601 4202 pro
622 4119 745 4202 injusta
759 4122 814 4185 via
828 4122 914 4185 faeta
935 4121 1023 4186 ultra
1036 4122 1121 4188 bled.
1136 4123 1372 4187 dominicorum
1390 4128 1425 4186 et

286 4205 369 4270 bled.
390 4206 581 4288 Margaretae
603 4206 643 4270 de
666 4207 807 4290 Lomley,
830 4216 927 4291 prout
948 4215 1148 4291 compertum
1171 4217 1228 4286 est,
1251 4210 1292 4273 ad
1314 4211 1422 4293 damp.

287 4291 411 4357 domini
423 4299 456 4355 et
465 4292 664 4375 Margaretae,
675 4293 715 4357 de
727 4295 881 4376 qualibet,
890 4296 923 4378 vj
934 4296 1200 4379 d.—Injunetum
1212 4301 1261 4361 est
1270 4297 1422 4362 omnibus

285 4388 349 4445 ten
365 4379 454 4443 villae
469 4379 555 4462 quod
571 4379 788 4445 obscurabunt
803 4383 909 4446 fossat.
929 4384 1027 4466 juxte
1040 4383 1072 4447 le
1087 4383 1233 4448 Grandik
1254 4384 1334 4448 eitra
1350 4384 1421 4449 fest.

286 4468 316 4532 S.
333 4467 427 4532 Outln
443 4486 532 4550 prox.
548 4466 618 4543 fut,
632 4468 692 4531 sub
711 4487 807 4550 paena
829 4469 865 4531 xl
876 4469 904 4532 d.
921 4470 1063 4534 solvend.
1079 4478 1147 4546 eta,
1163 4476 1196 4534 θῖ
1217 4470 1319 4534 eciam
1334 4471 1422 4553 quod

284 4555 396 4618 nullus
412 4573 522 4618 eorum
537 4562 696 4618 evacuant
710 4557 726 4618 f
740 4552 811 4640 [sia]
826 4555 857 4620 le
872 4556 966 4621 Weat
980 4557 1056 4641 poll,
1067 4558 1127 4622 snb
1143 4557 1254 4621 eadem
1270 4576 1423 4640 poena-
