3278 5204
209 557 301 619 1372.
471 569 629 618 HALMOTA
644 569 826 618 PRIORATUS
841 571 1081 623 DUNELMENSIS.
1281 567 1341 625 115

205 725 312 792 dictus
327 728 351 792 J
352 727 494 793 ohannes
506 727 667 812 reparabit
681 727 733 811 pd.
749 727 912 813 cotagium
923 731 1108 815 sumptibus
1124 734 1191 798 suis
1207 772 1220 783 -
1236 736 1342 800 -citra

205 813 326 878 festum
342 815 373 879 S.
389 814 527 878 Martini
540 835 629 898 prox.
645 813 800 878 futurum.

247 902 536 965 Wnsr-RAYNTON.
582 901 788 985 [Perkynson
809 901 873 966 and
900 909 964 966 two
991 904 1099 970 othere
1117 907 1245 991 jurera]
1289 909 1340 972 De

204 987 355 1052 omnibus
381 987 567 1052 tenentibus
593 987 681 1052 villae
702 988 780 1070 quia
806 1009 871 1053 non
896 997 1056 1055 venerunt
1080 994 1273 1077 tempeative
1299 996 1340 1059 ed

203 1074 1340 1252 medietatatem{temerantiam

204 1247 435 1312 Prrrrrcrore.
484 1248 536 1312 De
564 1247 667 1312 villat'
693 1247 733 1312 de
759 1248 968 1332 Pittyngtons
993 1255 1109 1334 praeter
1137 1253 1340 1318 Willelmum

203 1334 294 1398 vicar
306 1354 364 1416 pro
380 1335 500 1400 eodem.

248 1420 534 1485 wear-Rrrurorr.
579 1420 769 1504 Injunctum
799 1427 849 1485 εει
877 1421 980 1487 villat'
1009 1423 1106 1489 istius
1135 1425 1223 1491 virle
1252 1427 1339 1510 quod

203 1507 347 1572 habeant
362 1527 480 1591 ceppas
496 1508 560 1592 [eia
574 1508 644 1571 cide
657 1528 687 1590 p.
708 1507 783 1590 135]
799 1507 880 1573 citra
894 1529 981 1593 prox.
998 1530 1061 1576 cur.

248 1593 472 1658 Morrsmwr.
519 1593 694 1678 [Suthwyk
720 1594 785 1658 and
810 1601 875 1659 two
897 1595 1005 1661 othere
1028 1598 1143 1681 jurors.
1188 1599 1338 1683 Trespass

203 1680 250 1764 by
265 1680 363 1744 cattle
378 1681 414 1744 in
428 1687 497 1745 cate
512 1688 529 1716 “
541 1680 628 1765 apud
642 1680 674 1744 le
690 1679 934 1766 Ohapellawe.'']

249 1767 478 1832 Plrrlrcrors,
524 1767 639 1851 [Three
651 1768 765 1850 jurare.
810 1767 908 1832 Vicar
922 1774 981 1832 not
995 1789 1056 1834 one
1070 1771 1106 1834 oi
1124 1770 1238 1854 them]
1282 1772 1338 1834 In-

199 1853 353 1936 junotum
375 1859 425 1918 eet
446 1854 633 1919 tenentibus
654 1853 758 1936 ipsius
772 1853 861 1918 villae
884 1861 917 1919 et
927 1854 1031 1919 villat'
1046 1856 1086 1920 de
1101 1857 1291 1922 Moreelawe
1306 1863 1339 1922 et

204 1939 488 2024 suth-Pittington
503 1940 589 2024 quod
604 1941 760 2024 cooperiri
774 1941 894 2006 faciant
915 1942 1063 2007 molend'.
1075 1982 1118 1992 -
1130 1944 1339 2028 Compertum

203 2032 254 2090 eet
275 2046 333 2111 per
351 2027 414 2110 jur'
434 2027 530 2092 istius
544 2027 634 2091 villae
652 2032 685 2091 et
700 2028 722 2091 J
724 2026 884 2092 ohannem
898 2028 999 2105 Kiok,
1013 2035 1047 2094 et
1068 2029 1224 2094 Thomam
1238 2032 1339 2096 Basse

205 2113 281 2196 [one
310 2113 346 2176 of
372 2113 428 2178 the
449 2114 570 2198 jurore]
596 2113 683 2197 quod
707 2133 782 2196 para
806 2118 900 2178 terrae
921 2115 1155 2180 dominicorum
1178 2117 1339 2201 assignata

203 2199 370 2264 Willelmo
392 2201 467 2264 Bati
489 2201 656 2284 capellano
678 2199 868 2264 melioretur
888 2222 946 2285 per
966 2202 1074 2267 Adam
1096 2203 1148 2267 del
1163 2203 1275 2269 Vicere
1298 2205 1339 2268 ed

203 2286 384 2350 valenciam
408 2293 451 2352 ts.
496 2288 574 2352 Ideo
597 2287 835 2352 consideratum
861 2294 911 2353 eat
932 2289 1019 2372 quod
1040 2297 1207 2373 recuperet
1227 2312 1338 2356 versus

203 2373 257 2456 pd.
272 2372 483 2438 Willelmum.

251 2549 343 2612 1372.
375 2547 584 2630 IIL-Apud
608 2547 693 2630 Fery
718 2553 737 2610 8
764 2549 845 2612 Mar.
903 2549 1011 2633 [Same
1033 2551 1167 2630 officere,
1196 2553 1339 2637 Sureys,

203 2632 496 2718 Hemmyngburgb
511 2634 576 2698 and
591 2634 761 2719 Aelakby.]

248 2720 582 2804 Etr-M[uerncrort].
621 2721 812 2804 Injunctum
823 2725 873 2785 eet
885 2723 1035 2788 omnibus
1050 2725 1236 2790 tenentibus
1251 2725 1338 2789 villae

203 2806 291 2889 quod
305 2806 415 2870 nullus
431 2827 541 2871 eorum
555 2808 722 2891 permittat
736 2808 899 2891 aliquibus
913 2829 1025 2892 cepere
1039 2811 1141 2875 marli.

247 2893 347 2956 FERY.
393 2893 551 2958 Ricardus
572 2893 728 2957 Tadliour
749 2895 836 2979 cepit
855 2895 869 2978 j
886 2896 1057 2979 rotagium,
1072 2898 1118 2980 vij
1134 2918 1222 2962 acras
1237 2903 1338 2976 terrae,

202 2979 367 3062 quondam
381 2979 417 3043 in
438 2986 555 3044 tenura
577 2981 731 3044 Beatricae
753 2981 917 3064 quondam
932 2983 1033 3046 uxori'
1052 2983 1168 3068 Rogeri
1182 2984 1338 3049 TaiHiour

202 3086 277 3148 quae
291 3073 385 3150 capta
399 3067 526 3131 suntin
542 3087 640 3130 manu
651 3067 785 3131 Domini
799 3074 932 3151 propter
941 3068 1187 3152 impotenoiam:
1201 3069 1337 3134 habend’

203 3188 216 3201 -
241 3189 253 3200 ·
276 3153 318 3216 ad
342 3159 431 3217 term.
456 3154 534 3217 vitae
557 3173 641 3218 auae:
662 3153 749 3218 redd.
772 3175 804 3238 p.
826 3175 853 3218 a.
877 3155 1047 3239 antiquam
1070 3158 1212 3221 firmam:
1242 3157 1338 3222 Salvo

201 3242 314 3302 tamen
335 3240 477 3322 praefatae
492 3240 646 3304 Beatrioae
667 3240 800 3323 praefato
822 3241 946 3324 cotagio
969 3262 1044 3305 cum
1057 3245 1189 3327 gardino
1203 3264 1261 3327 pro
1276 3251 1338 3308 ter·

202 3325 293 3388 mino
307 3326 384 3390 vitae
398 3346 465 3390 eure
479 3346 537 3408 pro
551 3327 660 3390 valore
674 3326 760 3391 redd.
774 3328 928 3410 praedioto
952 3328 1088 3393 Ricardo
1102 3338 1198 3414 prout
1213 3331 1337 3414 adjudi-

202 3410 265 3474 cat'
279 3412 393 3476 fuerit:
417 3413 608 3496 Incipiendo
624 3412 747 3477 solvere
762 3413 803 3476 ad
817 3413 935 3477 festum
951 3414 1041 3480 Pent.
1054 3433 1117 3482 Ab.
1133 3425 1191 3483 etc.
1207 3418 1337 3500 lxxiiij0.

201 3499 245 3561 Et
263 3499 317 3581 pd.
332 3499 488 3563 Ricardue
510 3499 700 3582 praedictum
724 3499 885 3582 cotagr'um
907 3500 1103 3567 sufficienter
1123 3504 1282 3588 reparabit
1304 3511 1338 3568 et

201 3605 302 3648 unam
313 3586 479 3670 grangiam
490 3586 663 3650 aedificabit
678 3585 873 3650 sufficienter
887 3587 972 3650 infra
983 3589 1019 3670 iij
1031 3610 1131 3654 annos
1143 3590 1337 3654 sufficienter

202 3672 298 3734 etita
313 3672 464 3736 dimittet.
510 3672 597 3756 Pleg.
614 3709 626 3720 -
643 3709 655 3720 -
670 3673 714 3736 Et
729 3673 785 3736 dat
798 3694 856 3756 pro
871 3675 1012 3757 gres’m'a
1030 3677 1101 3739 18d.

245 3757 551 3823 Numer-Karrea.
596 3759 760 3823 Walterus
783 3759 956 3844 Bischopp,
978 3761 1133 3825 Ricardue
1156 3762 1280 3826 Gibeon
1303 3769 1336 3827 et

201 3843 364 3909 Walterus
388 3845 538 3909 Mustard
556 3845 855 3928 jur’.-Dimissi0.
902 3847 1088 3911 Willelmus
1107 3848 1205 3912 Fuler
1222 3849 1309 3932 cepit
1320 3851 1333 3932 j

201 3930 365 4014 cotegium
379 3932 428 4014 iiij
441 3953 530 3996 acras
545 3937 636 3996 terrae
651 3932 767 3995 ultimo
782 3932 818 3995 in
832 3938 945 3996 tenura
960 3933 1089 3998 Ricardi
1103 3935 1164 3998 filii
1179 3934 1336 4000 Gilberti:

200 4016 341 4081 habend'
363 4023 397 4082 et
418 4018 548 4082 tenend'
570 4019 612 4082 ad
633 4025 725 4083 term.
741 4019 816 4082 vitae
839 4039 923 4082 suae:
944 4021 1030 4084 redd.
1044 4042 1076 4104 p.
1091 4043 1117 4086 a.
1135 4027 1196 4086 ta:
1219 4022 1335 4107 incipi-

201 4104 284 4168 endo
300 4104 425 4168 solvere
440 4105 481 4168 ad
495 4105 615 4168 festum
629 4106 720 4169 Pent.
732 4121 794 4168 An.
807 4110 866 4169 etc.
881 4105 986 4188 lxxiij.
1029 4109 1073 4172 Et
1085 4108 1139 4192 pd.
1150 4109 1336 4174 Willelmus

199 4189 253 4272 pd.
270 4191 433 4275 rotagium
448 4191 645 4256 sufficienter
657 4191 818 4274 reparabit
832 4191 916 4255 inira
931 4213 1034 4257 unum
1048 4215 1177 4259 annum.
1222 4197 1265 4260 Et
1276 4196 1335 4260 fac’

200 4276 343 4340 Domino
358 4283 391 4342 et
405 4278 523 4342 vicinis
545 4299 618 4361 quae
638 4278 839 4342 incumbunt.
884 4278 970 4362 Pleg.
987 4281 1027 4344 de
1041 4281 1122 4344 firm’
1137 4288 1170 4346 et
1184 4284 1335 4347 omnibus

200 4363 276 4427 aliie
309 4384 383 4447 quae
411 4365 607 4429 incumbunt
635 4364 791 4429 Ricardus
822 4364 945 4430 Gibson
975 4372 1009 4430 et
1037 4367 1220 4434 Willelmua
1251 4369 1333 4432 Ibbi.

201 4449 365 4526 Gres’m’a
398 4451 489 4515 rad:
526 4451 726 4515 condonatur
757 4451 1082 4536 6d.-Oompe1tum
1112 4461 1161 4518 est
1188 4475 1246 4538 per
1271 4453 1333 4535 jur'

200 4535 288 4618 quod
310 4536 458 4602 bidentes
480 4537 617 4601 Domini
646 4537 686 4601 de
715 4538 840 4602 Ketton
866 4537 992 4622 depasti
1014 4539 1147 4604 fuerunt
1169 4544 1335 4604 noctanter

199 4622 297 4686 blada
323 4623 453 4688 Ricardi
483 4624 537 4689 del
566 4625 699 4688 Neuton
722 4625 781 4688 viz.
805 4645 828 4688 v
853 4624 983 4690 thravas
1004 4627 1065 4708 pis’
1091 4626 1132 4690 ad
1153 4626 1334 4691 valenciam
