3278 5204
312 578 352 638 54
570 587 729 638 mucra
743 587 927 638 rnroaaws
942 585 1183 636 DUNELMENSIS.
1355 572 1453 633 1366.

308 745 475 811 ostendere
496 746 636 810 nomina
648 783 692 794 -
704 747 905 812 Praesentant
926 744 1014 830 quod
1036 744 1195 808 Robertus
1216 741 1387 808 Geldsowc
1411 741 1453 806 de

308 833 387 898 Litil
416 833 586 916 Staynton‚
616 833 754 898 Thomas
783 832 887 909 Willi,
916 832 1085 897 «Iohannes
1122 831 1238 907 Goner,
1266 829 1378 892 Abbas
1410 829 1453 892 de

308 918 498 996 Albalanda,
521 918 706 985 Willelmus
728 919 890 996 Welsedd
914 918 1082 985 Jobannes
1104 917 1240 993 Welfad²
1260 915 1453 980 Willelmns

309 1006 440 1083 Milner,
452 1008 594 1091 Rogerus
606 1007 816 1090 Aslabyman,
828 1006 936 1071 Adam
951 1005 1083 1070 Homan
1098 1003 1138 1069 de
1149 1004 1271 1087 Magna
1285 1003 1453 1086 Staynton

309 1095 393 1178 Agn’
408 1095 550 1158 Domina
571 1093 612 1157 de
634 1095 795 1178 Staynton
818 1093 948 1178 [Agnes
963 1092 1079 1156 widow
1093 1091 1128 1155 of
1147 1091 1237 1156 John
1252 1089 1340 1154 dela
1362 1090 1452 1172 Hay,

310 1186 424 1244 tenant
444 1181 494 1244 for
508 1181 564 1246 life
580 1181 615 1244 of
633 1182 689 1246 the
710 1179 846 1264 manor]‚
859 1181 883 1245 J
884 1179 1027 1244 ohannes
1050 1177 1153 1254 Rodd,
1167 1178 1190 1242 J
1192 1178 1334 1241 ohannes
1349 1177 1452 1251 wita,

311 1268 448 1332 Thomas
478 1268 518 1331 de
549 1267 697 1345 Helstob,
720 1266 831 1330 David
856 1266 896 1331 de
925 1267 1047 1350 Magna
1073 1265 1242 1348 Staynton,
1265 1264 1452 1346 Margareta

311 1355 436 1436 wate,
450 1353 634 1418 Alexander
647 1355 687 1418 de
702 1355 865 1438 Staynton
875 1352 997 1436 dapast'
1011 1352 1144 1416 fuerunt
1155 1350 1298 1433 ceparale
1312 1349 1452 1413 Domini

309 1441 346 1505 in
362 1460 449 1504 mora
464 1441 503 1504 da
525 1441 649 1504 Ketton
663 1461 721 1526 per
742 1461 765 1504 x
786 1461 887 1505 annos
902 1439 1027 1522 elapsos
1042 1445 1075 1503 et
1097 1438 1243 1522 amplius.
1290 1437 1369 1500 Ideo
1392 1436 1453 1499 fiat

310 1547 478 1612 processus
499 1548 611 1592 versus
626 1548 687 1592 eos.
733 1528 776 1592 Et
797 1531 993 1612 praceptum
1008 1533 1058 1590 est
1069 1525 1131 1608 jur’
1147 1525 1235 1608 qnod
1256 1525 1313 1588 att’
1329 1543 1385 1588 eos
1410 1523 1453 1586 ad

312 1614 435 1678 ossand’
450 1613 504 1679 hic
519 1615 559 1678 ad
573 1616 663 1699 prox'
678 1615 707 1679 si
720 1619 853 1698 possent
866 1613 1004 1678 invenir’
1020 1618 1079 1676 eto.

355 1701 474 1766 Aonas.
520 1703 710 1786 Injunctum
724 1708 774 1765 est
789 1701 939 1766 omnibus
953 1699 1139 1764 tenentibus
1154 1697 1242 1762 villae
1257 1696 1315 1780 qui
1336 1701 1454 1760 tenent

311 1807 369 1872 per
390 1790 524 1872 gres’am
545 1789 664 1854 factam
686 1789 722 1851 in
743 1787 832 1852 curia
846 1787 934 1872 quod
955 1785 1155 1851 satisfaciant
1177 1784 1319 1850 cotteriis
1335 1783 1453 1847 stillis

312 1875 371 1958 qui
385 1882 498 1940 tenent
512 1876 608 1940 bond'
623 1876 663 1940 de
678 1876 794 1958 oostag'
810 1875 895 1940 circa
916 1874 1153 1957 reparacionam
1167 1871 1262 1935 faldae
1278 1871 1339 1936 sub
1355 1891 1453 1953 poena

315 1962 388 2027 40d.
432 1963 493 2046 [Aa
516 1983 552 2028 so
573 1983 672 2046 many
686 1961 849 2045 examples
871 1960 907 2025 of
930 1959 986 2024 the
1007 1965 1141 2024 amount
1163 1958 1199 2021 of
1217 1958 1354 2041 penalty
1369 1958 1453 2020 have

313 2068 387 2112 now
401 2049 484 2114 been
497 2051 602 2133 given,
617 2049 745 2132 brevity
759 2048 827 2112 will
840 2048 880 2112 be
896 2046 1065 2112 consultcd
1085 2047 1122 2110 in
1136 2045 1288 2128 omitting
1310 2044 1402 2108 them
1416 2044 1453 2106 in

313 2133 371 2198 the
386 2141 526 2199 extracta
541 2135 576 2199 of
587 2135 809 2219 injunctions]

358 2221 506 2286 Buanors.
552 2222 787 2286 Praesentatum
798 2219 945 2304 estquod
957 2219 1106 2283 Matildis
1121 2239 1207 2282 nunc
1222 2237 1305 2281 uxor
1319 2217 1453 2281 Robcrti

314 2306 432 2389 Dynys
446 2307 532 2390 cepit
546 2328 649 2372 unum
670 2308 832 2392 cotagium
852 2328 910 2392 pro
926 2313 972 2371 4s.
987 2327 1016 2390 p.
1033 2327 1059 2370 a
1076 2312 1250 2388 antequam
1270 2324 1342 2368 eam
1364 2304 1453 2367 idem

315 2393 474 2457 Robertus
500 2394 595 2457 duxit
616 2395 652 2458 in
677 2415 819 2472 uxorem,
841 2400 875 2458 et
900 2399 1010 2476 postea
1038 2393 1125 2458 idem
1148 2392 1308 2456 Robertus
1330 2391 1451 2474 cepitj

314 2479 464 2544 bovatam
479 2486 570 2545 terrae
583 2500 641 2564 pro
660 2487 723 2544 lta.
740 2503 771 2566 p.
785 2501 812 2546 a.
828 2487 867 2544 ut
882 2480 1010 2556 dicitur,
1026 2500 1098 2564 quae
1112 2479 1244 2562 quidem
1263 2478 1374 2561 oapoio
1389 2477 1454 2540 fuit

315 2567 387 2650 xiiij
400 2567 494 2630 annis
505 2567 622 2652 elapsis
631 2574 670 2631 ut
678 2568 806 2632 dicitur.
834 2567 879 2630 Et
887 2567 974 2631 idem
983 2567 1141 2631 Robertus
1153 2571 1265 2649 postea
1276 2564 1376 2628 solvit
1388 2569 1452 2628 l2s.

315 2674 374 2736 pro
389 2654 550 2737 praedictis
572 2654 696 2738 cotagio
711 2661 745 2718 et
760 2655 884 2730 bovata,
899 2673 1041 2718 asserens
1056 2673 1090 2718 se
1112 2653 1232 2736 sepisse
1247 2651 1317 2735 [sic]
1340 2650 1454 2715 eadem

316 2742 479 2826 cotagium
500 2747 533 2806 et
548 2742 698 2806 bovatam
718 2761 776 2824 pro
798 2740 960 2825 praedictis
979 2745 1043 2804 lta.
1059 2761 1089 2824 p.
1107 2760 1135 2804 a.
1181 2739 1257 2802 Ideo
1279 2737 1455 2802 videantur

315 2829 489 2912 capsiones.
526 2829 570 2892 Et
583 2829 766 2913 injunctum
778 2828 883 2892 sidem
894 2827 1030 2892 Roberto
1042 2827 1129 2910 quod
1140 2825 1256 2889 habeat
1267 2824 1454 2907 capcionem

314 2917 460 2998 praedicti
475 2916 592 3001 cotagii
606 2922 638 2980 et
653 2916 778 2980 bovatae
793 2915 845 2979 vel
860 2914 953 2978 aliter
967 2914 1071 2978 solvet
1092 2933 1150 2996 pro
1165 2912 1288 2996 octagio
1310 2931 1368 2995 pro
1384 2916 1453 2975 toto

314 3008 458 3087 tempora
481 3003 598 3086 elapso.
644 3002 855 3086 [1711111369ι
882 3000 961 3084 IIL]
976 2999 1283 3075 -Memorandum,
1298 2998 1386 3081 quod
1411 2998 1455 3061 ad

314 3091 451 3155 tercium
465 3096 598 3155 turnum
613 3090 722 3154 Halm¹
738 3108 822 3152 anno
836 3086 895 3152 11ιο
909 3088 932 3152 J
934 3086 1075 3151 ohannes
1090 3086 1131 3150 de
1146 3085 1291 3150 Heswell
1309 3085 1396 3167 oepit
1417 3085 1452 3168 xj

314 3175 449 3241 bovatas
463 3183 556 3240 terrae
576 3183 609 3242 et
624 3177 666 3240 di.
682 3177 722 3240 da
738 3174 924 3253 dominicis;
945 3173 1031 3238 redd.
1049 3174 1216 3257 antiquam
1237 3173 1364 3236 firmam
1380 3191 1455 3254 quae

316 3282 350 3325 se
380 3262 526 3326 extendit
551 3263 591 3326 ad
617 3268 682 3326 50s.
728 3262 805 3327 Ideo
830 3261 980 3325 videatur
1008 3261 1087 3344 quid
1116 3280 1204 3323 nuno
1229 3259 1327 3323 solvit
1352 3264 1387 3322 et
1412 3257 1454 3322 de

315 3348 443 3411 residuo
469 3355 618 3411 oneretur
642 3348 672 3411 si
694 3349 769 3430 plus
794 3349 837 3412 sit
861 3353 918 3412 eto.
934 3381 978 3393 -
994 3348 1107 3411 Unum
1131 3347 1333 3430 mesuagium
1355 3350 1389 3408 et
1414 3345 1451 3428 iij

315 3433 440 3498 bovatae
454 3440 546 3498 terrae
560 3454 632 3516 quse
653 3435 784 3498 fuerunt
806 3433 956 3498 Nicbolai
979 3434 1048 3497 Bon
1069 3434 1273 3518 assignantur
1286 3431 1454 3495 Willelmo

317 3521 443 3603 Smyth,
459 3522 481 3585 J
483 3520 604 3583 ohanni
618 3520 658 3584 de
674 3521 817 3584 Heswell
832 3526 864 3584 at
879 3521 1019 3585 Roberto
1034 3521 1160 3602 Dinys:
1181 3519 1316 3583 babend'
1332 3525 1365 3582 et
1387 3518 1453 3582 ten'

316 3628 483 3692 quousque
498 3608 580 3672 alius
596 3613 742 3672 tenentes
755 3607 823 3691 [sic]
836 3607 894 3691 qui
909 3626 1021 3690 capere
1036 3607 1175 3671 voluerit
1189 3605 1352 3670 reddendo
1367 3604 1455 3667 anti-

316 3717 414 3780 quam
425 3697 557 3760 firmam.
575 3695 632 3759 viz.
646 3701 712 3758 40s.
728 3715 758 3777 p.
770 3715 815 3773 a.;
837 3693 1022 3777 incipiendo
1037 3694 1160 3757 solvere
1174 3693 1215 3756 ad
1231 3693 1350 3756 fastum
1360 3691 1453 3754 Pent.

315 3785 413 3848 Anno
427 3784 537 3868 lxviij⁰
550 3784 611 3848 sub
625 3802 721 3867 poena
735 3780 917 3845 amissionis
928 3780 1031 3844 tocius
1043 3787 1135 3844 terras
1146 3799 1242 3862 quem
1258 3778 1327 3862 [sic]
1340 3782 1456 3841 tenent

317 3871 356 3934 de
368 3873 516 3935 Domino
560 3871 604 3934 Et
615 3869 782 3935 sciendum
796 3868 882 3951 quod
898 3867 1024 3931 solvent
1039 3888 1096 3949 pro
1111 3867 1215 3930 tribus
1230 3865 1342 3948 primis
1358 3863 1455 3927 annis

318 3963 383 4020 30s.
400 3979 438 4020 ex
453 3958 566 4041 gracia.
576 3958 678 4022 -De
694 3954 829 4019 Ricardo
846 3953 933 4017 Roth
947 3975 1004 4037 pro
1019 3953 1066 4018 les
1081 3947 1150 4036 ley's
1173 3952 1307 4016 Domini
1329 3951 1454 4033 depast'

316 4063 401 4106 anno
416 4044 609 4124 praecedenti
623 4050 718 4125 prout
733 4045 931 4123 compertum
947 4046 997 4104 est
1011 4061 1068 4124 per
1085 4041 1157 4122 jur’,
1173 4039 1212 4104 de
1234 4037 1455 4102 misericordia

319 4127 503 4191 lad-Do
518 4129 630 4192 eodem
646 4128 809 4192 Willelmo
825 4127 952 4209 Smyth,
967 4127 1106 4191 Roberto
1121 4127 1238 4208 Dynys
1254 4132 1287 4188 at
1301 4125 1324 4188 J
1325 4124 1454 4188 ohanne

315 4215 355 4278 de
371 4213 516 4312 lieswell
537 4234 594 4295 pro
608 4234 677 4295 xrnJ
702 4215 782 4278 acris
804 4219 895 4277 terrae
911 4213 950 4277 de
965 4212 1011 4278 les
1033 4212 1103 4295 leys
1125 4212 1270 4296 ejusdam
1292 4209 1455 4285 Niobolai‚

315 4298 1454 4470 111111111111111ρέ11111111111

313 4476 432 4561 quibus
447 4477 593 4538 tenentes
609 4471 783 4536 ostendunt
799 4472 874 4537 dare
892 4479 956 4536 10s.
975 4473 1119 4536 nondum
1133 4471 1284 4536 venditis.

357 4561 668 4628 Min-Mnarrvovorv.
713 4559 906 4624 Ordinatum
921 4565 1025 4624 estex
1040 4558 1203 4624 communi
1217 4577 1351 4623 assensu
1366 4555 1455 4640 quod
