<?xml version="1.0" encoding="UTF-8"?>
<!DOCTYPE html PUBLIC "-//W3C//DTD XHTML 1.0 Transitional//EN"
    "http://www.w3.org/TR/xhtml1/DTD/xhtml1-transitional.dtd">
<html xmlns="http://www.w3.org/1999/xhtml" xml:lang="en" lang="en">
 <head>
  <title>
</title>
<meta http-equiv="Content-Type" content="text/html;charset=utf-8" />
  <meta name='ocr-system' content='tesseract 3.04.00' />
  <meta name='ocr-capabilities' content='ocr_page ocr_carea ocr_par ocr_line ocrx_word'/>
</head>
<body>
  <div class='ocr_page' id='page_1' title='image "./halmotaprioratu01cathgoog/halmotaprioratu01cathgoog_0094.png"; bbox 0 0 3278 5204; ppageno 0'>
   <div class='ocr_carea' id='block_1_1' title="bbox 151 554 1285 620">
    <p class='ocr_par' dir='ltr' id='par_1_1' title="bbox 151 554 1285 620">
     <span class='ocr_line' id='line_1_1' title="bbox 151 554 1285 620; baseline 0.007 -8"><span class='ocrx_word' id='word_1_1' title='bbox 151 554 247 615; x_wconf 86' lang='grc'>1365.</span> <span class='ocrx_word' id='word_1_2' title='bbox 413 565 571 614; x_wconf 74' lang='lat' dir='ltr'>HALMOTA</span> <span class='ocrx_word' id='word_1_3' title='bbox 586 566 769 616; x_wconf 77' lang='lat' dir='ltr'>PRIORATUS</span> <span class='ocrx_word' id='word_1_4' title='bbox 784 567 1025 618; x_wconf 77' lang='lat' dir='ltr'>DUNELMENSIS.</span> <span class='ocrx_word' id='word_1_5' title='bbox 1244 561 1285 620; x_wconf 83' lang='lat'>39</span> 
     </span>
    </p>
   </div>
   <div class='ocr_carea' id='block_1_2' title="bbox 145 723 1285 2111">
    <p class='ocr_par' dir='ltr' id='par_1_2' title="bbox 145 723 1285 1050">
     <span class='ocr_line' id='line_1_2' title="bbox 147 723 1285 810; baseline 0.008 -26"><span class='ocrx_word' id='word_1_6' title='bbox 147 759 162 768; x_wconf 94' lang='lat'>-</span> <span class='ocrx_word' id='word_1_7' title='bbox 180 759 195 770; x_wconf 93' lang='lat'><strong>·</strong></span> <span class='ocrx_word' id='word_1_8' title='bbox 210 723 254 785; x_wconf 87' lang='lat' dir='ltr'>Et</span> <span class='ocrx_word' id='word_1_9' title='bbox 268 723 403 807; x_wconf 82' lang='lat' dir='ltr'>incipiet</span> <span class='ocrx_word' id='word_1_10' title='bbox 417 723 540 788; x_wconf 86' lang='lat' dir='ltr'>solvere</span> <span class='ocrx_word' id='word_1_11' title='bbox 555 723 596 787; x_wconf 88' lang='lat' dir='ltr'>ad</span> <span class='ocrx_word' id='word_1_12' title='bbox 618 723 737 788; x_wconf 87' lang='lat' dir='ltr'>festum</span> <span class='ocrx_word' id='word_1_13' title='bbox 757 725 787 790; x_wconf 87' lang='lat' dir='ltr'>S.</span> <span class='ocrx_word' id='word_1_14' title='bbox 811 725 949 790; x_wconf 82' lang='lat' dir='ltr'>Martini</span> <span class='ocrx_word' id='word_1_15' title='bbox 969 746 1058 810; x_wconf 84' lang='lat' dir='ltr'>prox.</span> <span class='ocrx_word' id='word_1_16' title='bbox 1073 728 1228 792; x_wconf 83' lang='lat' dir='ltr'>futurum.</span> <span class='ocrx_word' id='word_1_17' title='bbox 1240 762 1285 776; x_wconf 92' lang='lat'><em>-</em></span> 
     </span>
     <span class='ocr_line' id='line_1_3' title="bbox 147 808 1284 880; baseline 0.008 -9"><span class='ocrx_word' id='word_1_18' title='bbox 147 808 338 874; x_wconf 89' lang='lat' dir='ltr'>Willelmus</span> <span class='ocrx_word' id='word_1_19' title='bbox 368 809 507 875; x_wconf 91' lang='lat' dir='ltr'>Pimond</span> <span class='ocrx_word' id='word_1_20' title='bbox 531 809 629 874; x_wconf 90' lang='lat' dir='ltr'>habet</span> <span class='ocrx_word' id='word_1_21' title='bbox 653 811 823 876; x_wconf 83' lang='lat' dir='ltr'>licenciam</span> <span class='ocrx_word' id='word_1_22' title='bbox 850 813 1040 878; x_wconf 83' lang='lat' dir='ltr'>tabemandi</span> <span class='ocrx_word' id='word_1_23' title='bbox 1065 835 1167 878; x_wconf 91' lang='lat' dir='ltr'>unum</span> <span class='ocrx_word' id='word_1_24' title='bbox 1197 822 1284 880; x_wconf 88' lang='lat' dir='ltr'>oote-</span> 
     </span>
     <span class='ocr_line' id='line_1_4' title="bbox 145 896 1284 985; baseline 0.007 -27"><span class='ocrx_word' id='word_1_25' title='bbox 145 896 393 978; x_wconf 87' lang='lat' dir='ltr'>giumadterm</span> <span class='ocrx_word' id='word_1_26' title='bbox 402 897 479 962; x_wconf 84' lang='lat' dir='ltr'>vitae</span> <span class='ocrx_word' id='word_1_27' title='bbox 490 897 619 961; x_wconf 85' lang='lat' dir='ltr'>cuidam</span> <span class='ocrx_word' id='word_1_28' title='bbox 627 897 800 963; x_wconf 87' lang='lat' dir='ltr'>sufficienti</span> <span class='ocrx_word' id='word_1_29' title='bbox 808 899 933 964; x_wconf 89' lang='lat' dir='ltr'>tenenti</span> <span class='ocrx_word' id='word_1_30' title='bbox 943 900 990 964; x_wconf 91' lang='lat' dir='ltr'>ita</span> <span class='ocrx_word' id='word_1_31' title='bbox 1000 902 1087 984; x_wconf 91' lang='lat' dir='ltr'>quod</span> <span class='ocrx_word' id='word_1_32' title='bbox 1094 901 1284 985; x_wconf 83' lang='lat' dir='ltr'>praedictum</span> 
     </span>
     <span class='ocr_line' id='line_1_5' title="bbox 146 983 849 1050; baseline 0.007 -4"><span class='ocrx_word' id='word_1_33' title='bbox 146 987 374 1047; x_wconf 77' lang='lat' dir='ltr'>tenementum</span> <span class='ocrx_word' id='word_1_34' title='bbox 388 989 499 1050; x_wconf 87' lang='lat' dir='ltr'>teneat</span> <span class='ocrx_word' id='word_1_35' title='bbox 512 984 549 1046; x_wconf 91' lang='lat' dir='ltr'>in</span> <span class='ocrx_word' id='word_1_36' title='bbox 563 983 737 1049; x_wconf 88' lang='lat' dir='ltr'>sufficienti</span> <span class='ocrx_word' id='word_1_37' title='bbox 752 990 849 1050; x_wconf 87' lang='lat' dir='ltr'>statu</span> 
     </span>
    </p>

    <p class='ocr_par' dir='ltr' id='par_1_3' title="bbox 147 1069 1283 1242">
     <span class='ocr_line' id='line_1_6' title="bbox 194 1069 1283 1156; baseline 0.007 -24"><span class='ocrx_word' id='word_1_38' title='bbox 194 1069 447 1136; x_wconf 75' lang='lat' dir='ltr'>Eas-Rurrrrorr.</span> <span class='ocrx_word' id='word_1_39' title='bbox 492 1071 524 1155; x_wconf 90' lang='lat'>[“</span> <span class='ocrx_word' id='word_1_40' title='bbox 531 1071 632 1155; x_wconf 89' lang='lat' dir='ltr'>Apud</span> <span class='ocrx_word' id='word_1_41' title='bbox 646 1071 803 1136; x_wconf 82' lang='lat' dir='ltr'>mineram</span> <span class='ocrx_word' id='word_1_42' title='bbox 817 1071 858 1137; x_wconf 89' lang='lat' dir='ltr'>de</span> <span class='ocrx_word' id='word_1_43' title='bbox 879 1071 1059 1156; x_wconf 84' lang='lat' dir='ltr'>Raynton&#39;&#39;</span> <span class='ocrx_word' id='word_1_44' title='bbox 1074 1093 1184 1140; x_wconf 90' lang='lat' dir='ltr'>occurs</span> <span class='ocrx_word' id='word_1_45' title='bbox 1206 1076 1242 1139; x_wconf 90' lang='lat' dir='ltr'>in</span> <span class='ocrx_word' id='word_1_46' title='bbox 1263 1097 1283 1140; x_wconf 89' lang='lat' dir='ltr'>a</span> 
     </span>
     <span class='ocr_line' id='line_1_7' title="bbox 147 1157 430 1242; baseline 0.004 -22"><span class='ocrx_word' id='word_1_47' title='bbox 147 1175 223 1220; x_wconf 85' lang='lat' dir='ltr'>case</span> <span class='ocrx_word' id='word_1_48' title='bbox 238 1157 275 1219; x_wconf 88' lang='lat' dir='ltr'>of</span> <span class='ocrx_word' id='word_1_49' title='bbox 285 1157 430 1242; x_wconf 89' lang='lat' dir='ltr'>assault.]</span> 
     </span>
    </p>

    <p class='ocr_par' dir='ltr' id='par_1_4' title="bbox 147 1242 1283 2111">
     <span class='ocr_line' id='line_1_8' title="bbox 195 1242 1283 1333; baseline 0.007 -29"><span class='ocrx_word' id='word_1_50' title='bbox 195 1242 406 1310; x_wconf 72' lang='lat' dir='ltr'>Prr&#39;rrrarorr.</span> <span class='ocrx_word' id='word_1_51' title='bbox 451 1246 474 1310; x_wconf 84' lang='lat' dir='ltr'>J</span> <span class='ocrx_word' id='word_1_52' title='bbox 476 1243 618 1308; x_wconf 90' lang='lat' dir='ltr'>ohannes</span> <span class='ocrx_word' id='word_1_53' title='bbox 633 1244 788 1310; x_wconf 91' lang='lat' dir='ltr'>Ponchon</span> <span class='ocrx_word' id='word_1_54' title='bbox 801 1245 894 1309; x_wconf 86' lang='lat' dir='ltr'>venit</span> <span class='ocrx_word' id='word_1_55' title='bbox 915 1246 969 1311; x_wconf 88' lang='lat' dir='ltr'>hic</span> <span class='ocrx_word' id='word_1_56' title='bbox 982 1246 1019 1309; x_wconf 90' lang='lat' dir='ltr'>in</span> <span class='ocrx_word' id='word_1_57' title='bbox 1040 1248 1129 1312; x_wconf 88' lang='lat' dir='ltr'>ouria</span> <span class='ocrx_word' id='word_1_58' title='bbox 1142 1253 1175 1314; x_wconf 89' lang='lat' dir='ltr'>et</span> <span class='ocrx_word' id='word_1_59' title='bbox 1197 1249 1283 1333; x_wconf 87' lang='lat' dir='ltr'>cepit</span> 
     </span>
     <span class='ocr_line' id='line_1_9' title="bbox 147 1330 1283 1419; baseline 0.008 -28"><span class='ocrx_word' id='word_1_60' title='bbox 147 1349 255 1392; x_wconf 91' lang='lat' dir='ltr'>unum</span> <span class='ocrx_word' id='word_1_61' title='bbox 267 1335 490 1396; x_wconf 75' lang='lat' dir='ltr'>tenementum</span> <span class='ocrx_word' id='word_1_62' title='bbox 512 1330 677 1415; x_wconf 88' lang='lat' dir='ltr'>quondam</span> <span class='ocrx_word' id='word_1_63' title='bbox 698 1332 788 1396; x_wconf 89' lang='lat' dir='ltr'>Petri</span> <span class='ocrx_word' id='word_1_64' title='bbox 809 1331 948 1397; x_wconf 89' lang='lat' dir='ltr'>Hudson</span> <span class='ocrx_word' id='word_1_65' title='bbox 970 1333 1116 1398; x_wconf 90' lang='lat' dir='ltr'>defuncti</span> <span class='ocrx_word' id='word_1_66' title='bbox 1137 1355 1175 1401; x_wconf 91' lang='lat' dir='ltr'>eo</span> <span class='ocrx_word' id='word_1_67' title='bbox 1196 1336 1283 1419; x_wconf 92' lang='lat' dir='ltr'>quod</span> 
     </span>
     <span class='ocr_line' id='line_1_10' title="bbox 148 1417 1281 1503; baseline 0.008 -25"><span class='ocrx_word' id='word_1_68' title='bbox 148 1436 234 1479; x_wconf 88' lang='lat' dir='ltr'>uxor</span> <span class='ocrx_word' id='word_1_69' title='bbox 258 1417 328 1500; x_wconf 87' lang='lat' dir='ltr'>ejus</span> <span class='ocrx_word' id='word_1_70' title='bbox 354 1438 413 1482; x_wconf 91' lang='lat' dir='ltr'>nec</span> <span class='ocrx_word' id='word_1_71' title='bbox 439 1418 558 1500; x_wconf 89' lang='lat' dir='ltr'>aliquis</span> <span class='ocrx_word' id='word_1_72' title='bbox 583 1417 667 1482; x_wconf 90' lang='lat' dir='ltr'>alius</span> <span class='ocrx_word' id='word_1_73' title='bbox 693 1418 732 1482; x_wconf 89' lang='lat' dir='ltr'>ds</span> <span class='ocrx_word' id='word_1_74' title='bbox 763 1418 919 1503; x_wconf 86' lang='lat' dir='ltr'>sanguina</span> <span class='ocrx_word' id='word_1_75' title='bbox 945 1419 1047 1503; x_wconf 90' lang='lat' dir='ltr'>ipsius</span> <span class='ocrx_word' id='word_1_76' title='bbox 1073 1421 1164 1486; x_wconf 89' lang='lat' dir='ltr'>Petri</span> <span class='ocrx_word' id='word_1_77' title='bbox 1188 1423 1281 1488; x_wconf 88' lang='lat' dir='ltr'>finire</span> 
     </span>
     <span class='ocr_line' id='line_1_11' title="bbox 147 1502 1281 1594; baseline 0.008 -29"><span class='ocrx_word' id='word_1_78' title='bbox 147 1502 291 1566; x_wconf 88' lang='lat' dir='ltr'>voluerit</span> <span class='ocrx_word' id='word_1_79' title='bbox 303 1528 310 1566; x_wconf 91' lang='lat'>:</span> <span class='ocrx_word' id='word_1_80' title='bbox 324 1503 461 1570; x_wconf 85' lang='lat' dir='ltr'>haband.</span> <span class='ocrx_word' id='word_1_81' title='bbox 473 1511 507 1569; x_wconf 91' lang='lat' dir='ltr'>et</span> <span class='ocrx_word' id='word_1_82' title='bbox 518 1504 646 1570; x_wconf 90' lang='lat' dir='ltr'>tenend.</span> <span class='ocrx_word' id='word_1_83' title='bbox 655 1504 697 1568; x_wconf 90' lang='lat' dir='ltr'>ad</span> <span class='ocrx_word' id='word_1_84' title='bbox 709 1511 800 1570; x_wconf 88' lang='lat' dir='ltr'>term.</span> <span class='ocrx_word' id='word_1_85' title='bbox 810 1506 888 1569; x_wconf 89' lang='lat' dir='ltr'>vitae</span> <span class='ocrx_word' id='word_1_86' title='bbox 897 1525 983 1570; x_wconf 79' lang='lat' dir='ltr'>suae:</span> <span class='ocrx_word' id='word_1_87' title='bbox 1005 1507 1092 1572; x_wconf 88' lang='lat' dir='ltr'>redd</span> <span class='ocrx_word' id='word_1_88' title='bbox 1102 1529 1133 1592; x_wconf 88' lang='lat' dir='ltr'>p.</span> <span class='ocrx_word' id='word_1_89' title='bbox 1144 1530 1171 1575; x_wconf 90' lang='lat' dir='ltr'>a.</span> <span class='ocrx_word' id='word_1_90' title='bbox 1184 1515 1281 1594; x_wconf 89' lang='lat' dir='ltr'>prout</span> 
     </span>
     <span class='ocr_line' id='line_1_12' title="bbox 148 1589 1281 1678; baseline 0.009 -27"><span class='ocrx_word' id='word_1_91' title='bbox 148 1589 239 1652; x_wconf 92' lang='lat' dir='ltr'>idem</span> <span class='ocrx_word' id='word_1_92' title='bbox 254 1591 369 1654; x_wconf 89' lang='lat' dir='ltr'>Petrus</span> <span class='ocrx_word' id='word_1_93' title='bbox 390 1597 534 1674; x_wconf 89' lang='lat' dir='ltr'>tempore</span> <span class='ocrx_word' id='word_1_94' title='bbox 556 1612 614 1655; x_wconf 89' lang='lat' dir='ltr'>suo</span> <span class='ocrx_word' id='word_1_95' title='bbox 629 1590 777 1656; x_wconf 88' lang='lat' dir='ltr'>reddidit.</span> <span class='ocrx_word' id='word_1_96' title='bbox 822 1592 866 1655; x_wconf 87' lang='lat' dir='ltr'>Et</span> <span class='ocrx_word' id='word_1_97' title='bbox 879 1592 1008 1658; x_wconf 89' lang='lat' dir='ltr'>invenit</span> <span class='ocrx_word' id='word_1_98' title='bbox 1021 1594 1067 1678; x_wconf 88' lang='lat' dir='ltr'>vij</span> <span class='ocrx_word' id='word_1_99' title='bbox 1084 1602 1281 1671; x_wconf 76' lang='lat' dir='ltr'>acrasterras</span> 
     </span>
     <span class='ocr_line' id='line_1_13' title="bbox 148 1678 1280 1755; baseline 0.004 -13"><span class='ocrx_word' id='word_1_100' title='bbox 148 1695 268 1742; x_wconf 86' lang='lat' dir='ltr'>arruraa</span> <span class='ocrx_word' id='word_1_101' title='bbox 282 1684 316 1741; x_wconf 90' lang='lat' dir='ltr'>et</span> <span class='ocrx_word' id='word_1_102' title='bbox 329 1697 429 1741; x_wconf 88' lang='lat' dir='ltr'>unam</span> <span class='ocrx_word' id='word_1_103' title='bbox 443 1678 644 1742; x_wconf 87' lang='lat' dir='ltr'>acrambinaa</span> <span class='ocrx_word' id='word_1_104' title='bbox 654 1697 781 1755; x_wconf 87' lang='lat' dir='ltr'>arrurae,</span> <span class='ocrx_word' id='word_1_105' title='bbox 789 1697 889 1743; x_wconf 91' lang='lat' dir='ltr'>unam</span> <span class='ocrx_word' id='word_1_106' title='bbox 899 1699 1006 1743; x_wconf 90' lang='lat' dir='ltr'>acram</span> <span class='ocrx_word' id='word_1_107' title='bbox 1015 1684 1048 1744; x_wconf 90' lang='lat' dir='ltr'>et</span> <span class='ocrx_word' id='word_1_108' title='bbox 1058 1701 1158 1746; x_wconf 91' lang='lat' dir='ltr'>unam</span> <span class='ocrx_word' id='word_1_109' title='bbox 1168 1682 1280 1746; x_wconf 88' lang='lat' dir='ltr'>rodam</span> 
     </span>
     <span class='ocr_line' id='line_1_14' title="bbox 147 1763 1281 1853; baseline 0.007 -29"><span class='ocrx_word' id='word_1_110' title='bbox 147 1763 303 1840; x_wconf 87' lang='lat' dir='ltr'>fimatam,</span> <span class='ocrx_word' id='word_1_111' title='bbox 318 1784 397 1845; x_wconf 88' lang='lat' dir='ltr'>quas</span> <span class='ocrx_word' id='word_1_112' title='bbox 412 1764 458 1829; x_wconf 91' lang='lat' dir='ltr'>sic</span> <span class='ocrx_word' id='word_1_113' title='bbox 470 1765 613 1828; x_wconf 86' lang='lat' dir='ltr'>dimittet</span> <span class='ocrx_word' id='word_1_114' title='bbox 627 1764 663 1827; x_wconf 94' lang='lat' dir='ltr'>in</span> <span class='ocrx_word' id='word_1_115' title='bbox 674 1784 802 1829; x_wconf 89' lang='lat' dir='ltr'>recessu</span> <span class='ocrx_word' id='word_1_116' title='bbox 816 1785 875 1829; x_wconf 90' lang='lat' dir='ltr'>suo</span> <span class='ocrx_word' id='word_1_117' title='bbox 890 1803 904 1816; x_wconf 92' lang='lat'><strong>·</strong></span> <span class='ocrx_word' id='word_1_118' title='bbox 919 1803 933 1815; x_wconf 95' lang='lat'><em>-</em></span> <span class='ocrx_word' id='word_1_119' title='bbox 948 1767 992 1830; x_wconf 88' lang='lat' dir='ltr'>Et</span> <span class='ocrx_word' id='word_1_120' title='bbox 1006 1766 1063 1830; x_wconf 90' lang='lat' dir='ltr'>dat</span> <span class='ocrx_word' id='word_1_121' title='bbox 1075 1788 1133 1850; x_wconf 89' lang='lat' dir='ltr'>pro</span> <span class='ocrx_word' id='word_1_122' title='bbox 1147 1769 1281 1853; x_wconf 87' lang='lat' dir='ltr'>gres’ma</span> 
     </span>
     <span class='ocr_line' id='line_1_15' title="bbox 149 1849 1280 1934; baseline 0.008 -24"><span class='ocrx_word' id='word_1_123' title='bbox 149 1849 224 1912; x_wconf 78' lang='lat' dir='ltr'>lod.</span> <span class='ocrx_word' id='word_1_124' title='bbox 240 1857 313 1913; x_wconf 78' lang='lat' dir='ltr'>oonr</span> <span class='ocrx_word' id='word_1_125' title='bbox 326 1871 383 1934; x_wconf 87' lang='lat' dir='ltr'>per</span> <span class='ocrx_word' id='word_1_126' title='bbox 397 1853 572 1915; x_wconf 87' lang='lat' dir='ltr'>terrarium</span> <span class='ocrx_word' id='word_1_127' title='bbox 584 1889 628 1900; x_wconf 95' lang='lat'><em>-</em></span> <span class='ocrx_word' id='word_1_128' title='bbox 639 1851 830 1933; x_wconf 89' lang='lat' dir='ltr'>Injnnctum</span> <span class='ocrx_word' id='word_1_129' title='bbox 851 1858 902 1916; x_wconf 88' lang='lat' dir='ltr'>est</span> <span class='ocrx_word' id='word_1_130' title='bbox 924 1853 1073 1917; x_wconf 89' lang='lat' dir='ltr'>omnibus</span> <span class='ocrx_word' id='word_1_131' title='bbox 1093 1855 1280 1920; x_wconf 87' lang='lat' dir='ltr'>tenentibus</span> 
     </span>
     <span class='ocr_line' id='line_1_16' title="bbox 147 1935 1280 2022; baseline 0.006 -24"><span class='ocrx_word' id='word_1_132' title='bbox 147 1935 245 2000; x_wconf 88' lang='lat' dir='ltr'>istius</span> <span class='ocrx_word' id='word_1_133' title='bbox 260 1936 347 2000; x_wconf 83' lang='lat' dir='ltr'>villae</span> <span class='ocrx_word' id='word_1_134' title='bbox 362 1943 395 2001; x_wconf 90' lang='lat' dir='ltr'>et</span> <span class='ocrx_word' id='word_1_135' title='bbox 408 1938 476 2000; x_wconf 90' lang='lat' dir='ltr'>vill&#39;</span> <span class='ocrx_word' id='word_1_136' title='bbox 492 1938 531 2002; x_wconf 92' lang='lat' dir='ltr'>de</span> <span class='ocrx_word' id='word_1_137' title='bbox 546 1937 719 2002; x_wconf 88' lang='lat' dir='ltr'>Moreslaw</span> <span class='ocrx_word' id='word_1_138' title='bbox 733 1938 820 2021; x_wconf 87' lang='lat' dir='ltr'>quod</span> <span class='ocrx_word' id='word_1_139' title='bbox 834 1939 994 2022; x_wconf 85' lang='lat' dir='ltr'>cooperire</span> <span class='ocrx_word' id='word_1_140' title='bbox 1008 1939 1130 2004; x_wconf 86' lang='lat' dir='ltr'>faciant</span> <span class='ocrx_word' id='word_1_141' title='bbox 1143 1940 1280 2005; x_wconf 90' lang='lat' dir='ltr'>molend’</span> 
     </span>
     <span class='ocr_line' id='line_1_17' title="bbox 147 2024 1280 2111; baseline 0.004 -25"><span class='ocrx_word' id='word_1_142' title='bbox 147 2059 163 2068; x_wconf 93' lang='lat'><em>-</em></span> <span class='ocrx_word' id='word_1_143' title='bbox 178 2059 193 2070; x_wconf 94' lang='lat'><strong>·</strong></span> <span class='ocrx_word' id='word_1_144' title='bbox 204 2061 249 2071; x_wconf 92' lang='lat'><em>-</em></span> <span class='ocrx_word' id='word_1_145' title='bbox 259 2025 310 2087; x_wconf 89' lang='lat' dir='ltr'>De</span> <span class='ocrx_word' id='word_1_146' title='bbox 324 2024 447 2088; x_wconf 85' lang='lat' dir='ltr'>Thoma</span> <span class='ocrx_word' id='word_1_147' title='bbox 461 2024 604 2108; x_wconf 86' lang='lat' dir='ltr'>Sergand</span> <span class='ocrx_word' id='word_1_148' title='bbox 618 2044 675 2108; x_wconf 88' lang='lat' dir='ltr'>pro</span> <span class='ocrx_word' id='word_1_149' title='bbox 690 2029 781 2108; x_wconf 89' lang='lat' dir='ltr'>prato</span> <span class='ocrx_word' id='word_1_150' title='bbox 793 2025 970 2108; x_wconf 85' lang='lat' dir='ltr'>pertinenti</span> <span class='ocrx_word' id='word_1_151' title='bbox 984 2030 1106 2091; x_wconf 73' lang='lat' dir='ltr'>tenurae</span> <span class='ocrx_word' id='word_1_152' title='bbox 1117 2027 1280 2111; x_wconf 85' lang='lat' dir='ltr'>quendem</span> 
     </span>
    </p>
   </div>
   <div class='ocr_carea' id='block_1_3' title="bbox 148 2109 1379 2197">
    <p class='ocr_par' dir='ltr' id='par_1_5' title="bbox 148 2109 1379 2197">
     <span class='ocr_line' id='line_1_18' title="bbox 148 2109 1379 2197; baseline 0.006 -25"><span class='ocrx_word' id='word_1_153' title='bbox 148 2109 254 2172; x_wconf 87' lang='lat' dir='ltr'>Rand&#39;</span> <span class='ocrx_word' id='word_1_154' title='bbox 280 2109 320 2174; x_wconf 89' lang='lat' dir='ltr'>de</span> <span class='ocrx_word' id='word_1_155' title='bbox 349 2111 465 2174; x_wconf 89' lang='lat' dir='ltr'>Pelton</span> <span class='ocrx_word' id='word_1_156' title='bbox 490 2111 584 2175; x_wconf 87' lang='lat' dir='ltr'>exist’</span> <span class='ocrx_word' id='word_1_157' title='bbox 609 2111 646 2174; x_wconf 90' lang='lat' dir='ltr'>in</span> <span class='ocrx_word' id='word_1_158' title='bbox 670 2130 804 2174; x_wconf 89' lang='lat' dir='ltr'>manum</span> <span class='ocrx_word' id='word_1_159' title='bbox 834 2111 904 2196; x_wconf 75' lang='lat' dir='ltr'>[aab]</span> <span class='ocrx_word' id='word_1_160' title='bbox 930 2111 1065 2176; x_wconf 86' lang='lat' dir='ltr'>Domini</span> <span class='ocrx_word' id='word_1_161' title='bbox 1089 2115 1280 2197; x_wconf 88' lang='lat' dir='ltr'>peripsum</span> <span class='ocrx_word' id='word_1_162' title='bbox 1376 2111 1379 2120; x_wconf 59' lang='lat'><strong>⁴</strong></span> 
     </span>
    </p>
   </div>
   <div class='ocr_carea' id='block_1_4' title="bbox 146 2196 1280 4618">
    <p class='ocr_par' dir='ltr' id='par_1_6' title="bbox 146 2196 1280 2520">
     <span class='ocr_line' id='line_1_19' title="bbox 146 2196 1280 2284; baseline 0.006 -25"><span class='ocrx_word' id='word_1_163' title='bbox 146 2196 271 2259; x_wconf 90' lang='lat' dir='ltr'>vendit&#39;</span> <span class='ocrx_word' id='word_1_164' title='bbox 287 2201 331 2261; x_wconf 80' lang='lat' dir='ltr'>ds.</span> <span class='ocrx_word' id='word_1_165' title='bbox 352 2197 400 2260; x_wconf 89' lang='lat' dir='ltr'>ad.</span> <span class='ocrx_word' id='word_1_166' title='bbox 412 2196 604 2262; x_wconf 85' lang='lat' dir='ltr'>-Thcmas</span> <span class='ocrx_word' id='word_1_167' title='bbox 626 2197 667 2262; x_wconf 92' lang='lat' dir='ltr'>de</span> <span class='ocrx_word' id='word_1_168' title='bbox 688 2197 856 2281; x_wconf 87' lang='lat' dir='ltr'>Anneslay</span> <span class='ocrx_word' id='word_1_169' title='bbox 879 2196 967 2284; x_wconf 85' lang='lat' dir='ltr'>[etc]</span> <span class='ocrx_word' id='word_1_170' title='bbox 989 2205 1148 2264; x_wconf 84' lang='lat' dir='ltr'>venerunt</span> <span class='ocrx_word' id='word_1_171' title='bbox 1169 2200 1223 2265; x_wconf 94' lang='lat' dir='ltr'>hic</span> <span class='ocrx_word' id='word_1_172' title='bbox 1244 2201 1280 2266; x_wconf 92' lang='lat' dir='ltr'>in</span> 
     </span>
     <span class='ocr_line' id='line_1_20' title="bbox 146 2282 1279 2371; baseline 0.006 -26"><span class='ocrx_word' id='word_1_173' title='bbox 146 2282 214 2345; x_wconf 87' lang='lat' dir='ltr'>cur&#39;</span> <span class='ocrx_word' id='word_1_174' title='bbox 230 2289 264 2346; x_wconf 90' lang='lat' dir='ltr'>et</span> <span class='ocrx_word' id='word_1_175' title='bbox 278 2290 430 2365; x_wconf 89' lang='lat' dir='ltr'>ceperunt</span> <span class='ocrx_word' id='word_1_176' title='bbox 443 2289 546 2348; x_wconf 88' lang='lat' dir='ltr'>totam</span> <span class='ocrx_word' id='word_1_177' title='bbox 560 2289 677 2348; x_wconf 89' lang='lat' dir='ltr'>terram</span> <span class='ocrx_word' id='word_1_178' title='bbox 691 2303 789 2367; x_wconf 89' lang='lat' dir='ltr'>quam</span> <span class='ocrx_word' id='word_1_179' title='bbox 812 2285 913 2348; x_wconf 87' lang='lat' dir='ltr'>Rand&#39;</span> <span class='ocrx_word' id='word_1_180' title='bbox 928 2285 968 2350; x_wconf 92' lang='lat' dir='ltr'>de</span> <span class='ocrx_word' id='word_1_181' title='bbox 985 2286 1102 2350; x_wconf 88' lang='lat' dir='ltr'>Pelton</span> <span class='ocrx_word' id='word_1_182' title='bbox 1116 2288 1279 2371; x_wconf 91' lang='lat' dir='ltr'>quondam</span> 
     </span>
     <span class='ocr_line' id='line_1_21' title="bbox 146 2369 1280 2518; baseline 0.007 -86"><span class='ocrx_word' id='word_1_183' title='bbox 146 2369 274 2518; x_wconf 73' lang='lat' dir='ltr'>tequit:</span> <span class='ocrx_word' id='word_1_184' title='bbox 293 2370 430 2436; x_wconf 86' lang='lat' dir='ltr'>habend.</span> <span class='ocrx_word' id='word_1_185' title='bbox 445 2376 479 2435; x_wconf 89' lang='lat' dir='ltr'>et</span> <span class='ocrx_word' id='word_1_186' title='bbox 492 2371 621 2435; x_wconf 88' lang='lat' dir='ltr'>tenend.</span> <span class='ocrx_word' id='word_1_187' title='bbox 636 2390 803 2456; x_wconf 85' lang='lat' dir='ltr'>quousque</span> <span class='ocrx_word' id='word_1_188' title='bbox 818 2370 901 2436; x_wconf 89' lang='lat' dir='ltr'>alius</span> <span class='ocrx_word' id='word_1_189' title='bbox 912 2373 1036 2436; x_wconf 88' lang='lat' dir='ltr'>venerit</span> <span class='ocrx_word' id='word_1_190' title='bbox 1047 2374 1104 2457; x_wconf 91' lang='lat' dir='ltr'>qui</span> <span class='ocrx_word' id='word_1_191' title='bbox 1114 2373 1188 2458; x_wconf 92' lang='lat' dir='ltr'>plus</span> <span class='ocrx_word' id='word_1_192' title='bbox 1204 2375 1280 2440; x_wconf 90' lang='lat' dir='ltr'>dare</span> 
     </span>
     <span class='ocr_line' id='line_1_22' title="bbox 146 2457 346 2520; baseline 0.005 -3"><span class='ocrx_word' id='word_1_193' title='bbox 146 2476 190 2518; x_wconf 91' lang='lat' dir='ltr'>vo</span> <span class='ocrx_word' id='word_1_194' title='bbox 203 2457 290 2520; x_wconf 85' lang='lat' dir='ltr'>uerit</span> <span class='ocrx_word' id='word_1_195' title='bbox 303 2491 317 2502; x_wconf 94' lang='lat'>-</span> <span class='ocrx_word' id='word_1_196' title='bbox 331 2493 346 2504; x_wconf 93' lang='lat'><strong>·</strong></span> 
     </span>
    </p>

    <p class='ocr_par' dir='ltr' id='par_1_7' title="bbox 146 2543 1279 3232">
     <span class='ocr_line' id='line_1_23' title="bbox 193 2543 1279 2627; baseline 0.006 -21"><span class='ocrx_word' id='word_1_197' title='bbox 193 2543 418 2607; x_wconf 76' lang='lat' dir='ltr'>Morusulwa.</span> <span class='ocrx_word' id='word_1_198' title='bbox 463 2543 655 2627; x_wconf 84' lang='lat' dir='ltr'>Injnnctum</span> <span class='ocrx_word' id='word_1_199' title='bbox 669 2543 820 2608; x_wconf 89' lang='lat' dir='ltr'>omnibus</span> <span class='ocrx_word' id='word_1_200' title='bbox 835 2544 1022 2609; x_wconf 88' lang='lat' dir='ltr'>tenentibus</span> <span class='ocrx_word' id='word_1_201' title='bbox 1038 2545 1133 2611; x_wconf 88' lang='lat' dir='ltr'>istius</span> <span class='ocrx_word' id='word_1_202' title='bbox 1154 2546 1223 2611; x_wconf 90' lang='lat' dir='ltr'>vill&#39;</span> <span class='ocrx_word' id='word_1_203' title='bbox 1245 2554 1279 2612; x_wconf 93' lang='lat' dir='ltr'>et</span> 
     </span>
     <span class='ocr_line' id='line_1_24' title="bbox 147 2629 1278 2716; baseline 0.005 -24"><span class='ocrx_word' id='word_1_204' title='bbox 147 2629 304 2692; x_wconf 83' lang='lat' dir='ltr'>villarum</span> <span class='ocrx_word' id='word_1_205' title='bbox 315 2630 1061 2715; x_wconf 82' lang='lat' dir='ltr'>Pittington,WestRayntonetEst-Raynton</span> <span class='ocrx_word' id='word_1_206' title='bbox 1071 2633 1278 2716; x_wconf 88' lang='lat' dir='ltr'>quodnullua</span> 
     </span>
     <span class='ocr_line' id='line_1_25' title="bbox 146 2716 1279 2804; baseline 0.003 -24"><span class='ocrx_word' id='word_1_207' title='bbox 146 2735 260 2780; x_wconf 88' lang='lat' dir='ltr'>eorum</span> <span class='ocrx_word' id='word_1_208' title='bbox 274 2717 384 2780; x_wconf 88' lang='lat' dir='ltr'>veniat</span> <span class='ocrx_word' id='word_1_209' title='bbox 399 2716 440 2781; x_wconf 91' lang='lat' dir='ltr'>ad</span> <span class='ocrx_word' id='word_1_210' title='bbox 454 2717 518 2780; x_wconf 87' lang='lat' dir='ltr'>our&#39;</span> <span class='ocrx_word' id='word_1_211' title='bbox 533 2717 678 2801; x_wconf 82' lang='lat' dir='ltr'>magistri</span> <span class='ocrx_word' id='word_1_212' title='bbox 693 2717 732 2780; x_wconf 91' lang='lat' dir='ltr'>de</span> <span class='ocrx_word' id='word_1_213' title='bbox 747 2717 875 2800; x_wconf 82' lang='lat' dir='ltr'>Rapere</span> <span class='ocrx_word' id='word_1_214' title='bbox 896 2739 953 2802; x_wconf 89' lang='lat' dir='ltr'>pro</span> <span class='ocrx_word' id='word_1_215' title='bbox 975 2718 1105 2782; x_wconf 88' lang='lat' dir='ltr'>animal.</span> <span class='ocrx_word' id='word_1_216' title='bbox 1120 2719 1279 2804; x_wconf 85' lang='lat' dir='ltr'>impigno-</span> 
     </span>
     <span class='ocr_line' id='line_1_26' title="bbox 146 2801 1278 2889; baseline 0.004 -24"><span class='ocrx_word' id='word_1_217' title='bbox 146 2801 459 2885; x_wconf 88' lang='lat' dir='ltr'>ratisindampnum</span> <span class='ocrx_word' id='word_1_218' title='bbox 469 2803 572 2886; x_wconf 90' lang='lat' dir='ltr'>ipsius</span> <span class='ocrx_word' id='word_1_219' title='bbox 584 2803 737 2887; x_wconf 85' lang='lat' dir='ltr'>magistri,</span> <span class='ocrx_word' id='word_1_220' title='bbox 749 2804 804 2867; x_wconf 92' lang='lat' dir='ltr'>sed</span> <span class='ocrx_word' id='word_1_221' title='bbox 813 2803 900 2886; x_wconf 89' lang='lat' dir='ltr'>quod</span> <span class='ocrx_word' id='word_1_222' title='bbox 907 2806 1071 2889; x_wconf 88' lang='lat' dir='ltr'>proferant</span> <span class='ocrx_word' id='word_1_223' title='bbox 1082 2805 1278 2870; x_wconf 90' lang='lat' dir='ltr'>sufficientes</span> 
     </span>
     <span class='ocr_line' id='line_1_27' title="bbox 147 2889 1277 2973; baseline 0.003 -21"><span class='ocrx_word' id='word_1_224' title='bbox 147 2889 301 2953; x_wconf 90' lang='lat' dir='ltr'>emendas</span> <span class='ocrx_word' id='word_1_225' title='bbox 322 2910 379 2972; x_wconf 91' lang='lat' dir='ltr'>pro</span> <span class='ocrx_word' id='word_1_226' title='bbox 401 2890 652 2973; x_wconf 83' lang='lat' dir='ltr'>transgressione</span> <span class='ocrx_word' id='word_1_227' title='bbox 673 2889 750 2953; x_wconf 89' lang='lat' dir='ltr'>inde</span> <span class='ocrx_word' id='word_1_228' title='bbox 772 2891 865 2954; x_wconf 82' lang='lat' dir='ltr'>facta</span> <span class='ocrx_word' id='word_1_229' title='bbox 910 2892 953 2954; x_wconf 86' lang='lat' dir='ltr'>Et</span> <span class='ocrx_word' id='word_1_230' title='bbox 967 2891 997 2954; x_wconf 91' lang='lat' dir='ltr'>si</span> <span class='ocrx_word' id='word_1_231' title='bbox 1011 2890 1277 2956; x_wconf 88' lang='lat' dir='ltr'>deliberacionem</span> 
     </span>
     <span class='ocr_line' id='line_1_28' title="bbox 146 2975 1278 3060; baseline 0.003 -22"><span class='ocrx_word' id='word_1_232' title='bbox 146 2976 328 3039; x_wconf 89' lang='lat' dir='ltr'>averiorum</span> <span class='ocrx_word' id='word_1_233' title='bbox 344 2996 474 3040; x_wconf 85' lang='lat' dir='ltr'>suorum</span> <span class='ocrx_word' id='word_1_234' title='bbox 488 2977 628 3040; x_wconf 90' lang='lat' dir='ltr'>habuere</span> <span class='ocrx_word' id='word_1_235' title='bbox 643 2975 713 3059; x_wconf 84' lang='lat' dir='ltr'>[sa&#39;c]</span> <span class='ocrx_word' id='word_1_236' title='bbox 728 2996 793 3040; x_wconf 94' lang='lat' dir='ltr'>non</span> <span class='ocrx_word' id='word_1_237' title='bbox 808 2982 953 3059; x_wconf 87' lang='lat' dir='ltr'>possunt,</span> <span class='ocrx_word' id='word_1_238' title='bbox 967 2977 1055 3060; x_wconf 90' lang='lat' dir='ltr'>quod</span> <span class='ocrx_word' id='word_1_239' title='bbox 1069 2978 1222 3041; x_wconf 90' lang='lat' dir='ltr'>accedant</span> <span class='ocrx_word' id='word_1_240' title='bbox 1236 2978 1278 3041; x_wconf 88' lang='lat' dir='ltr'>ad</span> 
     </span>
     <span class='ocr_line' id='line_1_29' title="bbox 146 3062 1276 3145; baseline 0.004 -21"><span class='ocrx_word' id='word_1_241' title='bbox 146 3062 328 3125; x_wconf 91' lang='lat' dir='ltr'>Dominum</span> <span class='ocrx_word' id='word_1_242' title='bbox 340 3063 481 3126; x_wconf 86' lang='lat' dir='ltr'>Priorem</span> <span class='ocrx_word' id='word_1_243' title='bbox 492 3063 579 3145; x_wconf 88' lang='lat' dir='ltr'>apud</span> <span class='ocrx_word' id='word_1_244' title='bbox 588 3062 779 3127; x_wconf 88' lang='lat' dir='ltr'>Dunclmet</span> <span class='ocrx_word' id='word_1_245' title='bbox 787 3063 908 3127; x_wconf 91' lang='lat' dir='ltr'>ibidem</span> <span class='ocrx_word' id='word_1_246' title='bbox 917 3063 1082 3127; x_wconf 90' lang='lat' dir='ltr'>habebunt</span> <span class='ocrx_word' id='word_1_247' title='bbox 1091 3063 1276 3128; x_wconf 85' lang='lat' dir='ltr'>remedium.</span> 
     </span>
     <span class='ocr_line' id='line_1_30' title="bbox 146 3149 647 3232; baseline 0.006 -20"><span class='ocrx_word' id='word_1_248' title='bbox 146 3150 191 3212; x_wconf 88' lang='lat' dir='ltr'>Et</span> <span class='ocrx_word' id='word_1_249' title='bbox 205 3149 267 3212; x_wconf 92' lang='lat' dir='ltr'>hoc</span> <span class='ocrx_word' id='word_1_250' title='bbox 281 3149 342 3212; x_wconf 89' lang='lat' dir='ltr'>sub</span> <span class='ocrx_word' id='word_1_251' title='bbox 356 3169 452 3232; x_wconf 88' lang='lat' dir='ltr'>poena</span> <span class='ocrx_word' id='word_1_252' title='bbox 468 3149 539 3215; x_wconf 84' lang='grc' dir='ltr'>4οἀ</span> <span class='ocrx_word' id='word_1_253' title='bbox 644 3151 647 3158; x_wconf 79' lang='grc'>’</span> 
     </span>
    </p>

    <p class='ocr_par' dir='ltr' id='par_1_8' title="bbox 146 3234 1278 4618">
     <span class='ocr_line' id='line_1_31' title="bbox 191 3234 1277 3319; baseline 0.003 -22"><span class='ocrx_word' id='word_1_254' title='bbox 191 3236 433 3300; x_wconf 72' lang='lat' dir='ltr'>Bracmanum</span> <span class='ocrx_word' id='word_1_255' title='bbox 477 3236 667 3319; x_wconf 89' lang='lat' dir='ltr'>Injnnctum</span> <span class='ocrx_word' id='word_1_256' title='bbox 693 3244 742 3300; x_wconf 90' lang='lat' dir='ltr'>est</span> <span class='ocrx_word' id='word_1_257' title='bbox 767 3236 898 3299; x_wconf 83' lang='lat' dir='ltr'>Thomas</span> <span class='ocrx_word' id='word_1_258' title='bbox 921 3234 1099 3318; x_wconf 86' lang='lat' dir='ltr'>Harynger¹</span> <span class='ocrx_word' id='word_1_259' title='bbox 1114 3256 1156 3300; x_wconf 90' lang='lat' dir='ltr'>ne</span> <span class='ocrx_word' id='word_1_260' title='bbox 1178 3236 1277 3301; x_wconf 85' lang='lat' dir='ltr'>faciat</span> 
     </span>
     <span class='ocr_line' id='line_1_32' title="bbox 147 3321 1276 3405; baseline 0.002 -19"><span class='ocrx_word' id='word_1_261' title='bbox 147 3321 258 3386; x_wconf 90' lang='lat' dir='ltr'>oleum</span> <span class='ocrx_word' id='word_1_262' title='bbox 282 3327 355 3405; x_wconf 89' lang='lat' dir='ltr'>post</span> <span class='ocrx_word' id='word_1_263' title='bbox 383 3323 503 3386; x_wconf 87' lang='lat' dir='ltr'>festum</span> <span class='ocrx_word' id='word_1_264' title='bbox 529 3322 657 3386; x_wconf 84' lang='lat' dir='ltr'>Natalis</span> <span class='ocrx_word' id='word_1_265' title='bbox 683 3322 818 3387; x_wconf 88' lang='lat' dir='ltr'>Domini</span> <span class='ocrx_word' id='word_1_266' title='bbox 843 3321 928 3386; x_wconf 84' lang='lat' dir='ltr'>infra</span> <span class='ocrx_word' id='word_1_267' title='bbox 953 3321 1084 3385; x_wconf 92' lang='lat' dir='ltr'>domum</span> <span class='ocrx_word' id='word_1_268' title='bbox 1109 3323 1166 3387; x_wconf 92' lang='lat' dir='ltr'>ubi</span> <span class='ocrx_word' id='word_1_269' title='bbox 1188 3343 1276 3388; x_wconf 91' lang='lat' dir='ltr'>nunc</span> 
     </span>
     <span class='ocr_line' id='line_1_33' title="bbox 147 3408 1275 3494; baseline 0.004 -24"><span class='ocrx_word' id='word_1_270' title='bbox 147 3414 300 3484; x_wconf 86' lang='lat' dir='ltr'>moratur,</span> <span class='ocrx_word' id='word_1_271' title='bbox 315 3408 371 3472; x_wconf 88' lang='lat' dir='ltr'>scd</span> <span class='ocrx_word' id='word_1_272' title='bbox 380 3409 459 3472; x_wconf 89' lang='lat' dir='ltr'>alibi</span> <span class='ocrx_word' id='word_1_273' title='bbox 472 3409 560 3494; x_wconf 88' lang='lat' dir='ltr'>apud</span> <span class='ocrx_word' id='word_1_274' title='bbox 570 3409 732 3474; x_wconf 86' lang='lat' dir='ltr'>Pekesker</span> <span class='ocrx_word' id='word_1_275' title='bbox 742 3414 837 3493; x_wconf 88' lang='lat' dir='ltr'>prout</span> <span class='ocrx_word' id='word_1_276' title='bbox 849 3408 983 3492; x_wconf 90' lang='lat' dir='ltr'>antiqua</span> <span class='ocrx_word' id='word_1_277' title='bbox 995 3410 1202 3487; x_wconf 88' lang='lat' dir='ltr'>consuetudo,</span> <span class='ocrx_word' id='word_1_278' title='bbox 1214 3411 1275 3474; x_wconf 89' lang='lat' dir='ltr'>sub</span> 
     </span>
     <span class='ocr_line' id='line_1_34' title="bbox 146 3495 1277 3580; baseline 0.002 -22"><span class='ocrx_word' id='word_1_279' title='bbox 146 3516 244 3578; x_wconf 88' lang='lat' dir='ltr'>poena</span> <span class='ocrx_word' id='word_1_280' title='bbox 253 3495 422 3573; x_wconf 83' lang='lat' dir='ltr'>dimarcae,</span> <span class='ocrx_word' id='word_1_281' title='bbox 432 3495 509 3578; x_wconf 91' lang='lat' dir='ltr'>quia</span> <span class='ocrx_word' id='word_1_282' title='bbox 518 3515 628 3560; x_wconf 89' lang='lat' dir='ltr'>omnes</span> <span class='ocrx_word' id='word_1_283' title='bbox 638 3501 785 3560; x_wconf 89' lang='lat' dir='ltr'>tenentes</span> <span class='ocrx_word' id='word_1_284' title='bbox 794 3495 881 3558; x_wconf 80' lang='lat' dir='ltr'>villae</span> <span class='ocrx_word' id='word_1_285' title='bbox 889 3495 1030 3578; x_wconf 72' lang='lat' dir='ltr'>gravitm</span> <span class='ocrx_word' id='word_1_286' title='bbox 1038 3501 1277 3580; x_wconf 88' lang='lat' dir='ltr'>conqueruntur</span> 
     </span>
     <span class='ocr_line' id='line_1_35' title="bbox 146 3581 1276 3666; baseline 0.003 -22"><span class='ocrx_word' id='word_1_287' title='bbox 146 3582 234 3664; x_wconf 92' lang='lat' dir='ltr'>quod</span> <span class='ocrx_word' id='word_1_288' title='bbox 249 3581 324 3645; x_wconf 92' lang='lat' dir='ltr'>talis</span> <span class='ocrx_word' id='word_1_289' title='bbox 339 3583 445 3666; x_wconf 85' lang='lat' dir='ltr'>gravis</span> <span class='ocrx_word' id='word_1_290' title='bbox 463 3582 541 3646; x_wconf 90' lang='lat' dir='ltr'>odor</span> <span class='ocrx_word' id='word_1_291' title='bbox 561 3581 705 3666; x_wconf 88' lang='lat' dir='ltr'>procedit</span> <span class='ocrx_word' id='word_1_292' title='bbox 727 3582 766 3646; x_wconf 88' lang='lat' dir='ltr'>de</span> <span class='ocrx_word' id='word_1_293' title='bbox 787 3581 950 3646; x_wconf 86' lang='lat' dir='ltr'>infusione</span> <span class='ocrx_word' id='word_1_294' title='bbox 971 3582 1035 3646; x_wconf 90' lang='lat' dir='ltr'>olei</span> <span class='ocrx_word' id='word_1_295' title='bbox 1056 3582 1143 3666; x_wconf 92' lang='lat' dir='ltr'>quod</span> <span class='ocrx_word' id='word_1_296' title='bbox 1164 3583 1276 3647; x_wconf 90' lang='lat' dir='ltr'>nullus</span> 
     </span>
     <span class='ocr_line' id='line_1_36' title="bbox 146 3667 1274 3753; baseline 0.001 -21"><span class='ocrx_word' id='word_1_297' title='bbox 146 3669 251 3751; x_wconf 88' lang='lat' dir='ltr'>possit</span> <span class='ocrx_word' id='word_1_298' title='bbox 262 3668 350 3733; x_wconf 89' lang='lat' dir='ltr'>adire</span> <span class='ocrx_word' id='word_1_299' title='bbox 360 3668 481 3733; x_wconf 90' lang='lat' dir='ltr'>ibidem</span> <span class='ocrx_word' id='word_1_300' title='bbox 493 3669 613 3752; x_wconf 87' lang='lat' dir='ltr'>absque</span> <span class='ocrx_word' id='word_1_301' title='bbox 623 3667 890 3752; x_wconf 84' lang='lat' dir='ltr'>periculo-De</span> <span class='ocrx_word' id='word_1_302' title='bbox 899 3668 1021 3732; x_wconf 86' lang='lat' dir='ltr'>Thoma</span> <span class='ocrx_word' id='word_1_303' title='bbox 1032 3669 1201 3752; x_wconf 85' lang='lat' dir='ltr'>Herynger</span> <span class='ocrx_word' id='word_1_304' title='bbox 1210 3669 1274 3753; x_wconf 83' lang='lat' dir='ltr'>(ld.</span> 
     </span>
     <span class='ocr_line' id='line_1_37' title="bbox 147 3753 1276 3840; baseline -0.001 -21"><span class='ocrx_word' id='word_1_305' title='bbox 147 3754 267 3838; x_wconf 77' lang='lat' dir='ltr'>con&#39;t¹)‚</span> <span class='ocrx_word' id='word_1_306' title='bbox 282 3755 305 3819; x_wconf 85' lang='lat' dir='ltr'><strong>J</strong></span> <span class='ocrx_word' id='word_1_307' title='bbox 307 3755 433 3820; x_wconf 91' lang='lat' dir='ltr'>ohanne</span> <span class='ocrx_word' id='word_1_308' title='bbox 457 3755 581 3820; x_wconf 85' lang='lat' dir='ltr'>Skaket</span> <span class='ocrx_word' id='word_1_309' title='bbox 601 3755 665 3840; x_wconf 81' lang='lat' dir='ltr'>(ld.</span> <span class='ocrx_word' id='word_1_310' title='bbox 681 3763 754 3819; x_wconf 62' lang='lat' dir='ltr'>conf</span> <span class='ocrx_word' id='word_1_311' title='bbox 774 3775 833 3838; x_wconf 89' lang='lat' dir='ltr'>per</span> <span class='ocrx_word' id='word_1_312' title='bbox 853 3755 1009 3839; x_wconf 87' lang='lat' dir='ltr'>terrario),</span> <span class='ocrx_word' id='word_1_313' title='bbox 1022 3755 1100 3838; x_wconf 89' lang='lat' dir='ltr'>quia</span> <span class='ocrx_word' id='word_1_314' title='bbox 1121 3753 1276 3818; x_wconf 87' lang='lat' dir='ltr'>ardebant</span> 
     </span>
     <span class='ocr_line' id='line_1_38' title="bbox 146 3840 1276 3925; baseline -0.001 -20"><span class='ocrx_word' id='word_1_315' title='bbox 146 3841 248 3906; x_wconf 87' lang='lat' dir='ltr'>clotes</span> <span class='ocrx_word' id='word_1_316' title='bbox 263 3841 326 3906; x_wconf 90' lang='lat' dir='ltr'>olei</span> <span class='ocrx_word' id='word_1_317' title='bbox 339 3842 427 3906; x_wconf 85' lang='lat' dir='ltr'>unda</span> <span class='ocrx_word' id='word_1_318' title='bbox 441 3841 545 3906; x_wconf 83' lang='lat' dir='ltr'>malus</span> <span class='ocrx_word' id='word_1_319' title='bbox 561 3842 638 3906; x_wconf 88' lang='lat' dir='ltr'>odor</span> <span class='ocrx_word' id='word_1_320' title='bbox 653 3841 748 3918; x_wconf 84' lang='lat' dir='ltr'>exiet,</span> <span class='ocrx_word' id='word_1_321' title='bbox 763 3842 803 3904; x_wconf 89' lang='lat' dir='ltr'>de</span> <span class='ocrx_word' id='word_1_322' title='bbox 818 3861 914 3925; x_wconf 91' lang='lat' dir='ltr'>poena</span> <span class='ocrx_word' id='word_1_323' title='bbox 928 3841 994 3904; x_wconf 90' lang='lat' dir='ltr'>alia</span> <span class='ocrx_word' id='word_1_324' title='bbox 1008 3840 1160 3924; x_wconf 87' lang='lat' dir='ltr'>imposita</span> <span class='ocrx_word' id='word_1_325' title='bbox 1170 3841 1276 3924; x_wconf 85' lang='lat' dir='ltr'>gracia</span> 
     </span>
     <span class='ocr_line' id='line_1_39' title="bbox 146 3926 1276 4012; baseline -0.002 -20"><span class='ocrx_word' id='word_1_326' title='bbox 146 3929 210 3992; x_wconf 90' lang='lat' dir='ltr'>ista</span> <span class='ocrx_word' id='word_1_327' title='bbox 224 3929 296 3993; x_wconf 87' lang='lat' dir='ltr'>vice</span> <span class='ocrx_word' id='word_1_328' title='bbox 311 3929 351 3993; x_wconf 92' lang='lat' dir='ltr'>de</span> <span class='ocrx_word' id='word_1_329' title='bbox 366 3928 511 4012; x_wconf 89' lang='lat' dir='ltr'>qualibet</span> <span class='ocrx_word' id='word_1_330' title='bbox 527 3928 576 3992; x_wconf 88' lang='lat' dir='ltr'>6d.</span> <span class='ocrx_word' id='word_1_331' title='bbox 588 3967 632 3977; x_wconf 94' lang='lat'>-—</span> <span class='ocrx_word' id='word_1_332' title='bbox 642 3928 694 3992; x_wconf 89' lang='lat' dir='ltr'>De</span> <span class='ocrx_word' id='word_1_333' title='bbox 709 3927 949 3992; x_wconf 82' lang='lat' dir='ltr'>Oommunitate</span> <span class='ocrx_word' id='word_1_334' title='bbox 962 3926 1050 3990; x_wconf 84' lang='lat' dir='ltr'>villae</span> <span class='ocrx_word' id='word_1_335' title='bbox 1070 3946 1128 4009; x_wconf 86' lang='lat' dir='ltr'>pro</span> <span class='ocrx_word' id='word_1_336' title='bbox 1148 3926 1276 4012; x_wconf 85' lang='lat' dir='ltr'>herbag&#39;</span> 
     </span>
     <span class='ocr_line' id='line_1_40' title="bbox 147 4013 1277 4099; baseline 0 -21"><span class='ocrx_word' id='word_1_337' title='bbox 147 4014 273 4098; x_wconf 90' lang='lat' dir='ltr'>depasc&#39;</span> <span class='ocrx_word' id='word_1_338' title='bbox 288 4036 346 4099; x_wconf 90' lang='lat' dir='ltr'>per</span> <span class='ocrx_word' id='word_1_339' title='bbox 360 4015 466 4080; x_wconf 87' lang='lat' dir='ltr'>averia</span> <span class='ocrx_word' id='word_1_340' title='bbox 481 4036 539 4079; x_wconf 89' lang='lat' dir='ltr'>sua</span> <span class='ocrx_word' id='word_1_341' title='bbox 553 4016 589 4078; x_wconf 93' lang='lat' dir='ltr'>in</span> <span class='ocrx_word' id='word_1_342' title='bbox 603 4035 716 4097; x_wconf 89' lang='lat' dir='ltr'>campo</span> <span class='ocrx_word' id='word_1_343' title='bbox 732 4014 772 4078; x_wconf 92' lang='lat' dir='ltr'>de</span> <span class='ocrx_word' id='word_1_344' title='bbox 784 4013 959 4096; x_wconf 88' lang='lat' dir='ltr'>Bellaasyis</span> <span class='ocrx_word' id='word_1_345' title='bbox 974 4017 1070 4096; x_wconf 93' lang='lat' dir='ltr'>prout</span> <span class='ocrx_word' id='word_1_346' title='bbox 1084 4014 1227 4078; x_wconf 87' lang='lat' dir='ltr'>fatentur</span> <span class='ocrx_word' id='word_1_347' title='bbox 1241 4015 1277 4078; x_wconf 92' lang='lat' dir='ltr'>in</span> 
     </span>
     <span class='ocr_line' id='line_1_41' title="bbox 148 4100 1277 4185; baseline -0.001 -20"><span class='ocrx_word' id='word_1_348' title='bbox 148 4103 237 4166; x_wconf 84' lang='lat' dir='ltr'>curia</span> <span class='ocrx_word' id='word_1_349' title='bbox 258 4101 299 4165; x_wconf 82' lang='lat' dir='ltr'>de</span> <span class='ocrx_word' id='word_1_350' title='bbox 321 4103 470 4185; x_wconf 86' lang='lat' dir='ltr'>dampn’c</span> <span class='ocrx_word' id='word_1_351' title='bbox 485 4108 517 4166; x_wconf 90' lang='lat' dir='ltr'>et</span> <span class='ocrx_word' id='word_1_352' title='bbox 532 4101 748 4166; x_wconf 82' lang='lat' dir='ltr'>misericordia</span> <span class='ocrx_word' id='word_1_353' title='bbox 766 4100 1089 4183; x_wconf 72' lang='lat' dir='ltr'>lid-Injnnctum</span> <span class='ocrx_word' id='word_1_354' title='bbox 1111 4105 1160 4165; x_wconf 86' lang='lat' dir='ltr'>est</span> <span class='ocrx_word' id='word_1_355' title='bbox 1174 4101 1277 4165; x_wconf 92' lang='lat' dir='ltr'>omni·</span> 
     </span>
     <span class='ocr_line' id='line_1_42' title="bbox 147 4186 1277 4272; baseline -0.001 -21"><span class='ocrx_word' id='word_1_356' title='bbox 147 4188 209 4252; x_wconf 89' lang='lat' dir='ltr'>bus</span> <span class='ocrx_word' id='word_1_357' title='bbox 231 4187 446 4253; x_wconf 90' lang='lat' dir='ltr'>vendentibus</span> <span class='ocrx_word' id='word_1_358' title='bbox 468 4189 569 4272; x_wconf 83' lang='lat' dir='ltr'>pissas</span> <span class='ocrx_word' id='word_1_359' title='bbox 592 4189 678 4271; x_wconf 91' lang='lat' dir='ltr'>quod</span> <span class='ocrx_word' id='word_1_360' title='bbox 700 4186 853 4252; x_wconf 87' lang='lat' dir='ltr'>accedant</span> <span class='ocrx_word' id='word_1_361' title='bbox 867 4187 954 4269; x_wconf 92' lang='lat' dir='ltr'>apud</span> <span class='ocrx_word' id='word_1_362' title='bbox 969 4187 1188 4271; x_wconf 84' lang='lat' dir='ltr'>Byllyngham</span> <span class='ocrx_word' id='word_1_363' title='bbox 1203 4208 1277 4252; x_wconf 92' lang='lat' dir='ltr'>cum</span> 
     </span>
     <span class='ocr_line' id='line_1_43' title="bbox 147 4271 1278 4357; baseline -0.002 -18"><span class='ocrx_word' id='word_1_364' title='bbox 147 4273 261 4339; x_wconf 89' lang='lat' dir='ltr'>eadem</span> <span class='ocrx_word' id='word_1_365' title='bbox 274 4275 360 4357; x_wconf 89' lang='lat' dir='ltr'>pisse</span> <span class='ocrx_word' id='word_1_366' title='bbox 376 4275 573 4339; x_wconf 89' lang='lat' dir='ltr'>ostendendo</span> <span class='ocrx_word' id='word_1_367' title='bbox 588 4275 661 4339; x_wconf 89' lang='lat' dir='ltr'>aliis</span> <span class='ocrx_word' id='word_1_368' title='bbox 676 4273 737 4338; x_wconf 89' lang='lat' dir='ltr'>vic&#39;</span> <span class='ocrx_word' id='word_1_369' title='bbox 752 4273 780 4337; x_wconf 91' lang='lat' dir='ltr'>si</span> <span class='ocrx_word' id='word_1_370' title='bbox 794 4271 918 4356; x_wconf 89' lang='lat' dir='ltr'>aliquid</span> <span class='ocrx_word' id='word_1_371' title='bbox 932 4272 1049 4338; x_wconf 87' lang='lat' dir='ltr'>habere</span> <span class='ocrx_word' id='word_1_372' title='bbox 1062 4273 1232 4351; x_wconf 82' lang='lat' dir='ltr'>voluerint,</span> <span class='ocrx_word' id='word_1_373' title='bbox 1245 4278 1278 4338; x_wconf 92' lang='lat' dir='ltr'>et</span> 
     </span>
     <span class='ocr_line' id='line_1_44' title="bbox 148 4358 1277 4446; baseline 0 -22"><span class='ocrx_word' id='word_1_374' title='bbox 148 4361 250 4425; x_wconf 88' lang='lat' dir='ltr'>eciam</span> <span class='ocrx_word' id='word_1_375' title='bbox 273 4361 360 4443; x_wconf 92' lang='lat' dir='ltr'>quod</span> <span class='ocrx_word' id='word_1_376' title='bbox 380 4381 446 4424; x_wconf 90' lang='lat' dir='ltr'>non</span> <span class='ocrx_word' id='word_1_377' title='bbox 467 4367 577 4426; x_wconf 88' lang='lat' dir='ltr'>emant</span> <span class='ocrx_word' id='word_1_378' title='bbox 602 4361 722 4444; x_wconf 90' lang='lat' dir='ltr'>pissem</span> <span class='ocrx_word' id='word_1_379' title='bbox 748 4380 789 4424; x_wconf 84' lang='lat' dir='ltr'>cx</span> <span class='ocrx_word' id='word_1_380' title='bbox 814 4358 949 4424; x_wconf 87' lang='lat' dir='ltr'>australi</span> <span class='ocrx_word' id='word_1_381' title='bbox 973 4365 1063 4443; x_wconf 84' lang='lat' dir='ltr'>parte</span> <span class='ocrx_word' id='word_1_382' title='bbox 1089 4381 1189 4446; x_wconf 90' lang='lat' dir='ltr'>aquae,</span> <span class='ocrx_word' id='word_1_383' title='bbox 1216 4360 1277 4424; x_wconf 90' lang='lat' dir='ltr'>sub</span> 
     </span>
     <span class='ocr_line' id='line_1_45' title="bbox 146 4445 1277 4531; baseline -0.002 -19"><span class='ocrx_word' id='word_1_384' title='bbox 146 4468 244 4531; x_wconf 88' lang='lat' dir='ltr'>poena</span> <span class='ocrx_word' id='word_1_385' title='bbox 258 4447 300 4511; x_wconf 90' lang='lat' dir='ltr'>di.</span> <span class='ocrx_word' id='word_1_386' title='bbox 316 4468 430 4512; x_wconf 86' lang='lat' dir='ltr'>marcac</span> <span class='ocrx_word' id='word_1_387' title='bbox 445 4447 586 4512; x_wconf 89' lang='lat' dir='ltr'>solvend.</span> <span class='ocrx_word' id='word_1_388' title='bbox 602 4447 768 4531; x_wconf 88' lang='lat' dir='ltr'>perillum</span> <span class='ocrx_word' id='word_1_389' title='bbox 783 4447 891 4530; x_wconf 90' lang='lat' dir='ltr'>quiin</span> <span class='ocrx_word' id='word_1_390' title='bbox 906 4445 1044 4511; x_wconf 86' lang='lat' dir='ltr'>deffectu</span> <span class='ocrx_word' id='word_1_391' title='bbox 1058 4449 1222 4531; x_wconf 85' lang='lat' dir='ltr'>reperitur.</span> <span class='ocrx_word' id='word_1_392' title='bbox 1234 4490 1238 4496; x_wconf 91' lang='lat'><em>-</em></span> <span class='ocrx_word' id='word_1_393' title='bbox 1249 4484 1277 4494; x_wconf 90' lang='lat'>-</span> 
     </span>
     <span class='ocr_line' id='line_1_46' title="bbox 146 4531 1278 4618; baseline -0.003 -20"><span class='ocrx_word' id='word_1_394' title='bbox 146 4534 217 4598; x_wconf 84' lang='lat' dir='ltr'>Jur’</span> <span class='ocrx_word' id='word_1_395' title='bbox 232 4539 396 4618; x_wconf 88' lang='lat' dir='ltr'>presentat</span> <span class='ocrx_word' id='word_1_396' title='bbox 412 4535 499 4617; x_wconf 91' lang='lat' dir='ltr'>quod</span> <span class='ocrx_word' id='word_1_397' title='bbox 513 4534 699 4599; x_wconf 87' lang='lat' dir='ltr'>Willelmus</span> <span class='ocrx_word' id='word_1_398' title='bbox 722 4533 907 4599; x_wconf 86' lang='lat' dir='ltr'>Bronhousc</span> <span class='ocrx_word' id='word_1_399' title='bbox 923 4533 964 4598; x_wconf 90' lang='lat' dir='ltr'>de</span> <span class='ocrx_word' id='word_1_400' title='bbox 978 4533 1133 4600; x_wconf 87' lang='lat' dir='ltr'>Gretham</span> <span class='ocrx_word' id='word_1_401' title='bbox 1153 4531 1278 4618; x_wconf 87' lang='lat' dir='ltr'>fugavit</span> 
     </span>
    </p>
   </div>
   <div class='ocr_carea' id='block_1_5' title="bbox 0 0 1644 5204">
    <p class='ocr_par' dir='ltr' id='par_1_9' title="bbox 0 0 1644 5204">
     <span class='ocr_line' id='line_1_47' title="bbox 0 0 1644 5204; baseline 0 1"><span class='ocrx_word' id='word_1_402' title='bbox 0 0 1644 5204; x_wconf 95' lang='lat' dir='ltr'> </span> 
     </span>
    </p>
   </div>
  </div>
 </body>
</html>
