3278 5204
196 576 289 636 1368.
464 583 818 633 sisuorsrrrosrrus
834 583 1074 633 nursmmsrs.
1288 570 1327 631 73

194 743 338 810 Domino
366 750 511 827 tempora
540 741 746 826 autumpnali
773 761 832 826 pro
859 742 873 825 j
905 742 1029 825 cotagio
1057 740 1145 826 quod
1175 741 1262 824 cepit
1288 739 1329 805 ds

194 831 338 897 Domino
351 836 448 914 prout
462 829 615 894 convenit
624 830 711 894 inter
720 829 830 913 ipsum
840 835 874 892 et
884 829 1065 905 terrarium,
1073 827 1133 892 viz.
1142 829 1165 893 J
1167 827 1329 892 ohannem

196 919 236 982 de
251 919 284 981 N
285 924 394 993 auton,
406 917 446 981 de
460 916 679 981 misericordia
696 916 784 981 lid:
800 915 1000 980 condonatur
1017 915 1066 978 od.
1078 934 1136 998 per
1150 915 1329 979 terrarium.

195 1004 444 1087 -Injuuctum
472 1009 522 1068 est
555 1002 706 1068 omnibus
742 1002 929 1068 tenentibus
957 1001 1027 1064 vill'
1063 1001 1151 1084 quod
1180 1001 1332 1066 arrestari

196 1090 318 1155 faciant
332 1110 443 1155 omnes
457 1090 722 1154 contumelientss
743 1089 779 1153 in
792 1089 861 1152 vill'
876 1088 917 1152 de
930 1087 1081 1152 Wolston
1103 1108 1160 1154 seu
1182 1087 1332 1152 cultellos

194 1197 254 1327 feu
266 1176 390 1325 3¹¹}de
412 1176 616 1346 lxlreallentls
638 1181 884 1326 {outrassrmem
905 1174 981 1326 estwsbi
995 1173 1333 1346 ἵοΙιιιιιιιιιῖιῖθειιιιὲ

208 1284 296 1328 evan
320 1283 411 1327 acran
434 1284 458 1327 u
491 1282 577 1326 srum
605 1291 637 1320 =
665 1281 746 1339 us,o.
789 1281 911 1346 ucanga
982 1267 1000 1294 “
1026 1261 1175 1326 uesrum''
1200 1281 1218 1324 e
1244 1280 1309 1345 quo

196 1349 337 1433 quilibet
349 1350 461 1414 veniet
472 1350 509 1413 in
522 1348 729 1432 adjutorium.

240 1436 560 1501 usuros-Kirna
616 1433 779 1500 Woltorus
805 1434 978 1518 Bisohopp,
1003 1434 1164 1499 Robertus
1189 1435 1271 1500 Wili
1296 1439 1330 1499 et

198 1522 355 1587 Ricerdus
377 1522 431 1587 del
452 1523 486 1586 N
486 1527 585 1587 auton
603 1521 665 1605 jur.
709 1521 761 1586 De
782 1521 922 1586 Roberto
937 1521 1018 1584 Wili
1033 1521 1084 1586 4d.
1099 1522 1244 1587 Waltero
1259 1522 1330 1585 Bis-

198 1609 303 1693 chopp
320 1609 370 1672 ld
386 1614 419 1673 et
438 1608 575 1673 Ricardo
590 1606 644 1672 del
658 1608 692 1671 N
691 1612 790 1672 auton
807 1607 977 1673 4d.A1an0
996 1608 1162 1691 quondam
1177 1608 1332 1673 servienti

199 1695 240 1760 do
257 1696 384 1760 Ketton
409 1695 460 1759 ad.
473 1714 532 1779 pro
555 1693 687 1778 separel'
701 1694 838 1758 Domini
859 1694 981 1777 depast’
1003 1714 1061 1778 per
1082 1695 1189 1759 averia
1210 1715 1269 1759 suo
1291 1695 1331 1759 de

198 1782 346 1866 quolibet
359 1787 399 1846 ut
411 1787 503 1865 patet
524 1800 622 1865 super
643 1780 749 1864 capud
766 1781 951 1846 rid-De
972 1801 1072 1845 uxore
1094 1781 1227 1846 Roberti
1248 1780 1332 1846 Wili

198 1888 257 1952 pro
271 1869 333 1933 ass'
354 1868 496 1933 cervisiae
516 1867 608 1932 fract'
627 1867 705 1950 quia
726 1867 888 1932 modicum
905 1867 1070 1931 ild-De
1091 1866 1214 1932 Thema
1235 1867 1332 1932 Mou-

197 1956 278 2038 bray
292 1974 350 2038 pro
365 1955 481 2020 averiis
495 1953 584 2019 villae
598 1954 639 2018 da
655 1954 809 2018 Bermton
824 1973 897 2038 quae
906 1953 1006 2018 habet
1019 1953 1055 2016 in
1070 1960 1149 2018 cust
1161 1953 1331 2036 deposcen’

199 2041 345 2125 oeperale
366 2041 502 2105 Domini
523 2041 701 2105 trinarius
721 2046 820 2124 prout
842 2047 1042 2124 compertum
1064 2045 1114 2104 est
1135 2059 1194 2123 per
1210 2040 1274 2123 jur'
1290 2041 1331 2105 de

198 2128 419 2193 misericordia
447 2127 488 2192 de
517 2126 646 2210 dampn'
676 2132 709 2192 et
737 2127 956 2191 misericordia
987 2126 1036 2191 ad.
1051 2127 1160 2190 —De
1189 2126 1330 2191 Waltero

198 2214 340 2298 Biscopp
369 2234 426 2298 pro
454 2233 522 2278 uno
542 2213 624 2278 salle
651 2214 687 2297 [a
707 2213 828 2290 wdlovo,
842 2213 946 2296 sallas]
962 2213 1082 2278 detaut.
1104 2232 1186 2296 prec.
1205 2213 1275 2278 18d
1287 2245 1331 2260 -

198 2301 331 2452 Tgomae
345 2301 507 2385 Moubray
521 2306 618 2384 prout
632 2304 834 2384 compertum
848 2305 899 2364 ast
907 2319 966 2383 per
977 2301 1049 2384 jur„
1060 2299 1101 2364 de
1115 2299 1332 2365 misericordia

242 2474 364 2539 Acm.
408 2473 459 2540 De
481 2473 631 2538 omnibus
652 2472 840 2538 tenentibus
853 2472 942 2538 villae
964 2473 1128 2557 quianon
1150 2473 1333 2538 habueruut

198 2581 304 2625 unum
325 2559 457 2644 ponder’
479 2566 576 2645 prout
596 2561 782 2644 injunctum
803 2559 868 2623 fuit
890 2561 937 2626 eis
958 2560 994 2624 in
1019 2560 1145 2625 ultimis
1167 2561 1332 2625 Halmotis

200 2645 306 2730 [thera
330 2647 359 2712 is
383 2668 426 2711 no
449 2647 531 2712 such
553 2647 738 2731 injunction
762 2645 913 2711 recorded
938 2646 974 2710 in
1003 2651 1095 2725 1368,
1110 2647 1152 2730 I.]
1174 2647 1215 2712 de
1236 2668 1333 2731 poeua

200 2732 243 2798 di
265 2753 381 2797 marcae
402 2753 444 2798 ex
465 2733 572 2818 gracia
594 2732 666 2798 rid.
710 2732 902 2816 Injunctum
927 2739 976 2798 est
1002 2733 1332 2818 [eto.].-Dimissio.

199 2820 442 2884 Incrementum
463 2819 610 2886 redditus
634 2825 678 2884 is.
700 2818 806 2883 Alicio
828 2839 901 2903 quae
921 2819 986 2883 fuit
1007 2840 1090 2883 uxor
1110 2820 1133 2884 J
1135 2818 1271 2883 ohannis
1293 2819 1334 2884 de

199 2904 330 2970 Karlell
344 2906 432 2989 oepit
446 2911 595 2989 quartam
616 2910 743 2990 partem
756 2905 854 2970 unius
875 2905 1027 2989 bondagii
1041 2906 1100 2969 viz.
1115 2905 1148 2988 vj
1165 2925 1225 2969 acr.
1241 2911 1334 2969 terrae

199 3012 282 3076 quas
295 2991 384 3056 idem
397 2992 420 3056 J
421 2992 564 3057 ohannes
579 2992 669 3076 prius
679 2992 803 3056 tenuit:
825 2991 961 3056 habeud’
977 2997 1010 3056 et
1020 2993 1084 3056 ten’
1100 2991 1141 3054 od
1154 2995 1245 3056 term.
1257 2991 1334 3055 vitae

200 3099 287 3144 suae:
308 3078 396 3142 redd.
407 3099 437 3162 p.
450 3099 478 3144 a.
492 3084 537 3144 6s.
547 3099 619 3162 quae
630 3078 722 3162 prius
736 3077 945 3142 reddiderunt
961 3084 1005 3142 4s.
1021 3114 1035 3126 -
1050 3115 1064 3127 -
1079 3077 1233 3142 Gres’m'a
1244 3077 1334 3141 iad:

199 3164 402 3230 condonatur
429 3165 508 3248 quia
535 3164 921 3248 pauper.-Injunctum
946 3168 996 3228 est
1020 3163 1220 3247 juratoribus
1248 3163 1334 3247 quod

198 3251 335 3316 videant
342 3250 565 3316 molendinum
572 3250 658 3315 bled’
668 3256 702 3316 et
709 3250 931 3315 molendinum
939 3249 1336 3334 fulleticumiuquantum

200 3337 651 3421 deteriorantur-loquela
674 3357 746 3422 quae
770 3344 820 3402 est
841 3337 927 3401 iuter
949 3337 1105 3401 Thomam
1130 3337 1271 3422 Wryght
1296 3337 1337 3402 do

201 3425 340 3488 Preston
364 3423 541 3488 firmarium
568 3423 747 3488 molendini
775 3428 810 3488 et
837 3423 992 3488 firmarios
1021 3423 1255 3489 dominicorum
1275 3425 1336 3489 viz.

200 3511 382 3575 Robertum
396 3510 513 3588 (ledes,
527 3510 727 3575 Willelmum
740 3509 863 3575 Ussher
873 3515 907 3574 et
916 3509 1073 3574 Thomam
1084 3511 1282 3593 Perkynson,
1297 3511 1337 3576 de

201 3596 349 3748 inludi
361 3596 753 3747 utillimis}
766 3595 1195 3766 dddttdllll
1209 3598 1337 3747 illd

201 3774 299 3854 prout
313 3789 399 3833 unus
413 3768 572 3833 firmarius
586 3769 705 3869 molere
726 3768 857 3845 solebat,
871 3769 1004 3852 ponitur
1017 3769 1052 3832 in
1067 3774 1215 3849 respectu
1234 3734 1337 3867 usquo,

201 3854 1339 4026 crossicorruscarecruram

248 4029 348 4093 Fuur.
393 4028 595 4112 Praeceptum
610 4034 659 4094 est
673 4028 864 4112 distringere
878 4027 995 4092 liberos
1012 4032 1160 4091 tenentes
1182 4027 1224 4091 ad
1245 4048 1339 4112 repa-

202 4115 343 4179 randum
357 4111 580 4180 molendinum
594 4114 780 4198 aquaticum
794 4115 880 4179 sicut
900 4115 936 4178 in
951 4113 1099 4197 pluribus
1114 4114 1279 4180 Halmotis
1301 4135 1338 4180 eo

203 4201 293 4285 quod
318 4200 482 4265 husbandi
503 4201 651 4265 lecerimt
671 4220 729 4285 per
749 4207 875 4284 partem
896 4220 996 4265 suam
1008 4202 1267 4284 -Praeceptum
1288 4208 1339 4267 est

201 4287 381 4352 attachiars
411 4287 489 4371 [liae
512 4288 653 4371 percocta]
679 4287 721 4352 ad
744 4287 868 4353 essend
895 4286 937 4351 ad
958 4307 1048 4370 prox.
1078 4288 1267 4352 comitatum
1298 4287 1339 4352 sd

202 4372 416 4458 respondend'
439 4373 480 4438 de
501 4374 680 4440 succisione
700 4373 788 4438 bossi
809 4374 844 4436 in
867 4372 1036 4458 Feryclyff.
1048 4413 1091 4423 -
1102 4375 1154 4439 De
1174 4373 1340 4438 Willelmo

202 4460 413 4545 Trollopmsu
422 4460 500 4544 quia
507 4461 659 4524 tractavit
668 4459 839 4525 cultellum
847 4465 881 4524 et
894 4460 1053 4544 percussit
1066 4460 1171 4525 filium
1182 4459 1340 4524 Willelmi

203 4547 267 4610 filii
282 4547 433 4632 Hugonis
448 4551 546 4630 prout
559 4554 759 4631 compertum
773 4554 824 4612 est
844 4567 903 4630 per
913 4547 977 4631 jur'
993 4547 1074 4622 40d‚
1088 4546 1175 4610 uude
1197 4546 1340 4629 Rogerus

204 4633 336 4719 Trollop
349 4633 558 4718 respondabit
572 4634 649 4718 quia
663 4635 761 4699 habet
783 4634 935 4700 salarium
954 4634 990 4698 in
1012 4653 1112 4697 manu
1126 4651 1190 4697 sua
1203 4670 1246 4681 -
1255 4634 1341 4698 Prae-
