3278 5204
279 555 342 620 104
538 567 696 620 minori
710 567 893 618 rmonirns
907 567 1147 618 nrrrnnnnrsre
1323 553 1417 617 1371.

276 732 409 792 teneant
422 727 454 792 le
469 727 583 811 Denyr
597 726 634 790 in
655 726 741 791 freth
756 763 769 776 ·
785 763 798 776 ·
814 724 902 811 quod
915 725 1050 791 videant
1063 726 1202 791 rivolum
1217 745 1310 809 equae
1329 726 1416 790 inter

275 815 399 880 ΕΜΓ
425 820 458 880 ei
487 813 713 898 Wyndelsdon
742 813 812 898 [the
841 813 1023 898 boundnry]
1039 851 1051 862 -
1067 812 1292 898 -juratoribus
1318 813 1414 878 istius

275 901 364 966 villae
377 901 466 986 qnod
480 901 614 966 videeni
627 900 737 966 omnie
751 906 851 965 terres
867 905 900 966 ei
917 906 1102 965 tenemente
1115 901 1152 964 in
1166 920 1266 964 manu
1280 900 1416 964 Domini

276 992 310 1052 et
323 994 522 1072 praeeenieni
534 988 603 1072 [eir]
612 987 653 1052 ed
661 987 752 1072 prox'
760 994 794 1052 et
809 988 883 1070 quis
894 987 1016 1070 recepit
1027 986 1183 1052 eommod’
1193 993 1338 1070 tempore
1349 1007 1414 1070 quo

275 1077 368 1141 stetit
392 1076 430 1140 in
454 1095 554 1140 menn
578 1074 714 1138 Domini
729 1111 741 1123 -
757 1111 769 1122 -
784 1073 972 1138 tenentibus
996 1074 1085 1138 villae
1107 1073 1195 1158 quod
1219 1073 1341 1137 facient
1366 1073 1413 1138 les

274 1162 433 1246 lonynges
448 1199 462 1211 ·
477 1199 491 1211 ·
507 1161 592 1246 [four
613 1181 689 1226 men
703 1181 761 1244 say
776 1180 819 1224 on
839 1161 916 1224 oeih
930 1160 1003 1224 that
1017 1181 1052 1224 as
1075 1166 1109 1224 io
1124 1161 1197 1224 four
1217 1160 1414 1226 freeholders

274 1254 292 1282 “
303 1249 443 1332 quilibet
464 1268 575 1312 eorum
596 1248 696 1313 faciet
709 1247 750 1312 de
769 1247 817 1312 les
838 1247 994 1332 lonings,”
1008 1247 1073 1312 end
1095 1267 1130 1312 es
1145 1253 1179 1310 io
1202 1248 1351 1312 “fossata
1372 1248 1414 1312 de

276 1334 506 1418 Bisehoplew,”
527 1334 620 1400 three
643 1355 720 1399 men
742 1333 826 1398 shall
850 1334 944 1398 make
974 1338 1035 1397 100
1056 1334 1123 1398 feei
1148 1333 1237 1411 each,
1258 1334 1324 1398 end
1349 1334 1413 1400 five

275 1421 384 1486 others
408 1427 448 1485 50
462 1421 528 1486 feet
543 1421 623 1486 eeeh
636 1421 673 1484 in
694 1421 817 1505 length,
831 1427 848 1454 “
861 1421 890 1486 si
911 1421 1021 1504 eliqua
1042 1421 1150 1486 ever-ie
1164 1421 1306 1485 hebeani
1327 1420 1413 1486 infre

273 1513 440 1591 pasturam
469 1508 509 1572 de
536 1507 668 1572 Est-id.
726 1508 770 1572 Et
799 1508 903 1572 eciem
928 1507 1113 1572 Wilielmne
1143 1508 1184 1573 de
1214 1508 1413 1592 Meryngton

274 1593 639 1679 feriet.'']-R0bertne
677 1593 796 1678 Smyth
810 1631 823 1644 ·
839 1595 899 1678 ·vj
931 1613 1020 1659 aeras
1049 1601 1143 1659 terrae
1179 1594 1343 1678 quondam
1375 1596 1411 1658 in

272 1686 390 1747 tenure
414 1681 577 1747 Johennis
600 1683 701 1747 Pate:
736 1681 873 1746 hebend
900 1686 935 1745 et
962 1681 1091 1746 tenend
1122 1681 1163 1746 ed
1196 1687 1286 1746 tem
1310 1682 1412 1745 trium

194 1781 200 1790 ’
273 1787 450 1834 annorum:
475 1769 561 1834 redd.
577 1789 607 1852 p.
623 1788 649 1833 e
667 1773 730 1834 8s.:
756 1767 886 1833 invenit
906 1767 930 1851 ij
954 1787 1044 1832 aeras
1066 1768 1165 1832 unius
1187 1788 1313 1846 ermrae,
1326 1789 1410 1852 pree.

274 1875 356 1920 aerae
373 1857 444 1921 led.

317 1943 623 2008 NEUTON·Knrr0N.
667 1942 829 2008 Welterus
852 1941 1001 2026 Bissh0p‚
1020 1941 1176 2006 Ricardus
1191 1941 1245 2006 del
1268 1942 1411 2020 Neuton,

273 2029 459 2094 Willelmus
484 2029 601 2094 Fouler
622 2030 943 2114 jur—Injunetum
965 2035 1015 2092 esi
1036 2028 1175 2092 Ricardo
1200 2028 1255 2093 del
1276 2029 1411 2093 Neuton

272 2115 360 2198 quod
380 2115 523 2200 reparari
544 2115 643 2180 feriet
663 2121 850 2182 tenementa
875 2136 934 2180 sue
955 2115 1037 2180 eitra
1061 2116 1181 2179 festum
1207 2115 1237 2180 S.
1264 2115 1410 2192 Martini,

272 2202 335 2266 sub
359 2222 457 2285 poene
481 2202 775 2268 40d.-Dimissi0
797 2202 945 2268 molend'.
989 2201 1176 2266 Willelmus
1201 2202 1410 2285 Graynpeyn’

272 2293 306 2352 ei
320 2288 505 2353 Wiilelmus
521 2288 643 2354 Milner
657 2289 697 2354 de
712 2289 866 2354 Bleewell
880 2295 1036 2372 ceperunt
1054 2288 1192 2352 molend’
1208 2288 1247 2354 de
1263 2289 1411 2353 Ketiun:

271 2373 407 2475 irenend.
420 2375 461 2439 ad
475 2375 597 2439 festum
610 2375 702 2440 Peni.
718 2391 781 2440 nn.
796 2379 855 2440 eie.
870 2374 939 2458 lnxj
956 2380 1093 2474 perires
1108 2395 1209 2439 annos
1221 2381 1410 2458 sequentes:

271 2462 459 2631 iiiiii
475 2461 1411 2632 :idideidiininffie‘zeiidiei

272 2634 452 2805 adffllrmffi'
473 2635 633 2719 pertinet:
658 2635 741 2720 pleg.
761 2636 785 2701 J
786 2635 929 2699 ohannes
949 2635 989 2700 de
1011 2634 1193 2700 Hessewell
1214 2635 1254 2700 de
1275 2636 1410 2700 Bu1don

273 2726 307 2787 ei
365 2743 410 2785 arr
444 2772 451 2786 .

314 2808 436 2873 Acnrr.
492 2807 682 2891 injunctum
711 2813 761 2873 est
797 2808 948 2874 omnibus
983 2807 1172 2873 tenentibus
1200 2807 1288 2872 villae
1322 2809 1410 2892 quod

270 2897 411 3046 {epffii
439 2895 795 3065 fssessangagommhrntem
823 2895 953 2960 faldam.
968 2933 1013 2945 —
1027 2895 1149 2960 Nullus
1182 2915 1292 2959 eorum
1322 2895 1410 2960 suoe'

284 3003 318 3047 es
412 3003 460 3047 se
514 3003 548 3046 er
632 3001 696 3046 ven
719 3001 760 3044 e.

314 3070 465 3134 Bennoi.
517 3067 704 3133 Willelmus
734 3067 919 3151 Greinpeye
947 3073 981 3134 et
1006 3067 1191 3132 Willelmus
1222 3067 1342 3132 Milner
1366 3069 1409 3133 de

271 3155 432 3220 Blakwell
447 3193 460 3205 -
476 3191 490 3203 ·
504 3155 642 3220 molend'
659 3154 698 3218 de
710 3153 842 3218 Burdon
857 3192 870 3202 -
887 3191 899 3202 -
914 3154 956 3219 ed
970 3163 1061 3220 term„
1076 3155 1177 3219 irium
1192 3174 1350 3218 annorum
1364 3193 1379 3204 -
1395 3193 1408 3204 -

269 3262 299 3324 p.
324 3262 351 3305 e
378 3246 443 3305 53s.
466 3241 515 3306 ed
532 3278 544 3289 -
560 3242 689 3305 --De
713 3241 860 3305 Gelfrido
884 3241 923 3306 de
949 3241 1095 3306 Kellewe
1118 3261 1176 3324 pro
1199 3248 1409 3325 purprestura

268 3329 355 3391 fecta
369 3325 457 3411 apud
467 3327 556 3390 viem
570 3347 642 3409 quae
653 3327 744 3392 ducii
754 3328 795 3392 ed
809 3327 948 3392 molend'
959 3329 1040 3411 iiij¹¹
1055 3328 1126 3412 ped’
1139 3335 1172 3392 et
1185 3328 1222 3392 in
1233 3327 1408 3393 latitudine

268 3414 292 3497 ij
309 3412 390 3497 ped,
405 3417 440 3477 ei
455 3412 490 3476 in
505 3414 569 3477 aiio
583 3413 655 3478 loeo
669 3414 706 3476 in
720 3413 926 3499 longitndine
939 3414 976 3478 lx
989 3415 1087 3498 pedes
1103 3414 1171 3499 [eie]
1189 3415 1239 3478 dd

313 3501 544 3564 BILLYNGHAM.
574 3500 1407 3585 Injunorumesr[“0mnibus,Agn”'hor}rstmnkour,

267 3586 497 3670 “Margum”
519 3586 701 3670 interlirwd]
726 3587 779 3652 del
801 3588 918 3672 Brigge
932 3588 1019 3672 quod
1039 3608 1106 3651 non
1127 3592 1213 3651 emet
1235 3587 1407 3652 cervisiam

266 3681 358 3740 extre
372 3673 485 3738 villam
506 3673 548 3737 ed
561 3673 769 3738 vendendum
783 3674 823 3739 de
838 3681 951 3739 cetero.
967 3711 981 3724 -
996 3711 1009 3723 -
1024 3674 1188 3739 Henricus
1203 3674 1290 3738 filius
1305 3674 1407 3738 Alani

266 3763 358 3827 venit
371 3767 405 3827 ei
420 3761 508 3844 cepit
522 3780 625 3824 unum
639 3760 836 3844 bondegium
857 3780 933 3824 eum
947 3759 1045 3825 stuffo
1060 3767 1093 3825 et
1107 3783 1130 3824 x
1145 3780 1235 3824 aeras
1256 3767 1349 3825 terrae
1365 3761 1406 3826 de

266 3849 437 3914 dominicis
467 3868 539 3932 quae
566 3847 609 3911 Is'
635 3847 689 3912 del
718 3847 827 3911 Helm'
854 3867 957 3930 nuper
985 3867 1066 3910 uxor
1093 3847 1241 3931 praedicii
1267 3847 1406 3912 Henriei

266 3935 418 4019 [tenuii]:
442 3934 579 3999 habend.
596 3971 608 3982 -
625 3933 694 3999 -ed
715 3938 806 3998 term.
829 3933 906 3998 viiae
929 3953 1014 3998 suae:
1040 3933 1126 3998 redd.
1142 3971 1184 3982 --
1205 3940 1302 4017 prout
1322 3955 1406 4018 pree-

265 4020 353 4170 {iffi
368 4020 508 4086 Isabelle
521 4021 612 4104 prius
628 4059 641 4071 -
657 4058 671 4069 -
685 4021 814 4085 invenit
827 4019 887 4103 xiij
905 4040 994 4085 acres
1016 4020 1114 4084 unius
1129 4041 1245 4085 arrurae
1259 4040 1341 4104 quas
1357 4021 1405 4085 sie

308 4193 527 4256 Wonnsror.
572 4192 710 4257 Thomas
724 4192 812 4256 filius
829 4191 986 4257 Wiilelmi
1001 4192 1216 4268 Feirdomon
1230 4229 1244 4242 ·
1259 4229 1273 4242 -
1284 4193 1348 4276 jur.
1360 4232 1405 4243 -

263 4279 428 4345 -Jurati
456 4283 653 4361 praesentant
681 4278 767 4362 quod
797 4278 982 4344 Willelmus
1011 4279 1099 4344 filius
1129 4279 1291 4345 Johannis
1321 4280 1405 4344 obiit

263 4367 381 4433 seritur
403 4366 438 4429 in
453 4364 615 4428 dominico
637 4385 695 4428 suo
717 4364 758 4429 de
780 4364 875 4429 feodo
896 4365 937 4431 de
958 4367 1003 4449 vij
1020 4367 1101 4431 aeris
1123 4373 1216 4432 terrae
1237 4367 1302 4449 etj
1325 4366 1406 4430 roda

262 4475 337 4519 cum
362 4459 441 4539 peri.
465 4452 501 4514 in
531 4451 722 4516 Wolueston
747 4471 820 4535 quae
842 4453 955 4517 velent
976 4474 1006 4536 p.
1033 4473 1059 4517 a.
1085 4459 1129 4517 3s.
1159 4453 1208 4517 6d.
1231 4453 1279 4516 ob.
1302 4459 1336 4517 et
1359 4453 1404 4518 Is’

260 4547 364 4608 meter
398 4539 546 4626 praedieii
574 4539 759 4604 Wiilelmus
788 4558 887 4621 quem
915 4539 1074 4604 Willelmi
1112 4540 1270 4625 Sergaunt
1306 4539 1404 4604 duxit
