3224 5212
314 572 375 632 184
564 582 723 632 salmom
745 579 929 631 raroaaros
951 581 1194 632 nuunmmsrs.
1365 568 1461 627 Ι1384.

316 739 432 816 Smith,
460 760 521 824 pro
552 739 684 805 cultello
715 761 774 805 suo
804 747 959 817 extracto,
989 741 1030 805 ad
1067 739 1339 824 percusciendum
1377 737 1460 802 dom,

314 828 471 891 Thomam
492 826 541 977 ldo
572 827 755 892 Bioheborn
784 827 998 912 capellanum,
1020 833 1117 911 prout
1145 833 1385 910 praesentatum
1414 831 1463 888 est

337 914 543 990 mmffd

314 935 597 1066 ptirnnmcror.
643 1000 835 1085 Iujunotum
871 1007 920 1067 est
951 1001 1102 1066 omnibus
1139 1007 1203 1065 ten.
1241 1000 1345 1074 villae,
1375 998 1461 1082 quod

315 1094 439 1172 ponant
454 1088 645 1153 memmium
661 1109 757 1153 suum
773 1088 886 1154 datum
901 1109 959 1172 per
973 1087 1150 1163 dominum,
1162 1088 1197 1151 in
1212 1087 1369 1152 domibus
1384 1084 1460 1160 suis,

315 1178 396 1240 citra
421 1177 493 1240 fest
520 1175 543 1240 S
570 1175 664 1239 cuth.
692 1196 781 1259 prox.
808 1175 1106 1259 fut-Injunctum
1137 1185 1187 1238 est
1213 1175 1371 1239 omnibus
1397 1178 1461 1236 ten.

315 1263 413 1328 istius
440 1262 538 1337 villae,
568 1269 603 1326 et
632 1261 734 1326 villat
767 1263 807 1327 de
836 1261 1057 1337 Walleshcnd‚
1087 1262 1175 1345 quod
1204 1261 1318 1326 nullus
1351 1279 1460 1325 eorum

315 1349 447 1433 litigant
470 1346 541 1434 [sic]
563 1369 624 1413 nec
645 1349 851 1433 implacitant
873 1349 946 1414 aliis
967 1349 1003 1412 iu
1025 1349 1090 1412 alia
1112 1350 1201 1413 curia
1223 1349 1287 1412 nisi
1311 1349 1350 1411 in
1373 1347 1461 1410 curia

316 1437 400 1500 dom.
424 1436 553 1511 Primis,
575 1437 637 1499 sub
663 1455 760 1520 poena
789 1457 832 1500 xx
844 1457 879 1513 s,
894 1435 1036 1500 solvond.
1066 1437 1222 1501 etc-De
1252 1436 1339 1499 dom.
1372 1432 1460 1496 Will.

316 1522 492 1606 capellano,
517 1522 595 1606 quia
621 1522 820 1607 elongavitj
849 1525 1043 1588 servientem
1073 1523 1153 1588 Rob.
1183 1523 1224 1587 de
1254 1523 1460 1604 Heryngton,

316 1617 413 1694 prout
428 1616 629 1693 compertum
644 1618 703 1686 est,
717 1619 809 1674 extra
824 1610 1004 1674 dominium
1016 1609 1065 1673 ad.
1077 1609 1184 1693 damp.
1201 1610 1269 1693 iiij⁸‚
1284 1610 1372 1672 m'ia
1389 1606 1459 1690 vjd.

317 1697 550 1779 —Injunctum
567 1707 618 1762 est
632 1697 721 1762 Will
737 1698 905 1761 Dromond
924 1697 1132 1772 molendario,
1147 1697 1234 1779 quod
1257 1696 1362 1759 molat
1378 1693 1457 1758 blad.

316 1784 377 1848 vic.
400 1784 515 1849 diebus
537 1791 571 1848 ct
592 1784 719 1848 vicibus
742 1785 941 1868 opportunis,
963 1783 1103 1868 quilibet
1124 1784 1303 1847 secundum
1328 1801 1458 1846 cursum

317 1891 422 1946 suum,
444 1871 505 1935 sub
531 1891 628 1954 poena
653 1871 748 1951 xld3
769 1880 803 1937 et
825 1873 928 1935 eciam
949 1871 1035 1954 quod
1058 1891 1170 1934 omnes
1196 1877 1258 1934 ten.
1286 1871 1457 1952 utriusque

317 1958 469 2021 villarum
485 1957 610 2022 molant
623 1958 708 2022 blad.
731 1979 791 2022 sua
812 1959 853 2023 ad
876 1959 1013 2022 molend
1037 1958 1077 2022 de
1100 1958 1323 2033 Walleshend,
1339 1965 1375 2022 et
1397 1974 1458 2018 non

316 2045 353 2108 in
374 2044 439 2108 alio
461 2043 540 2121 loco,
563 2045 623 2108 sub
646 2066 743 2128 poena
765 2046 806 2109 di.
829 2045 1209 2109 marc-Praesentatum
1232 2052 1281 2108 est
1305 2065 1369 2128 per
1390 2043 1458 2126 jun,

316 2132 403 2214 quod
419 2130 502 2195 blad.
519 2132 699 2196 crescencio
720 2153 817 2215 super
839 2139 957 2196 terram
979 2133 1169 2215 presbyteri,
1186 2139 1317 2195 tenetur
1340 2129 1456 2194 molere

317 2219 357 2282 ad
367 2217 505 2366 moleuld.
522 2219 604 2283 dom
620 2218 708 2295 ibid„
723 2219 854 2295 scilicet,
868 2219 912 2283 ad
926 2217 1076 2283 lossokon
1091 2216 1172 2304 [sic]‚
1188 2219 1246 2282 viz.
1263 2219 1301 2282 ad
1320 2218 1379 2300 xvj
1396 2235 1457 2287 vas,

318 2312 351 2368 ot
365 2325 432 2367 non
446 2304 548 2368 aiter.

360 2389 536 2455 Mcncrou.
581 2390 633 2454 De
663 2392 785 2455 Thoma
819 2392 916 2455 Lame
946 2399 979 2455 et
1008 2393 1082 2456 Joh.
1120 2391 1174 2455 del
1203 2393 1354 2468 Kionin,
1384 2388 1456 2473 quia

317 2477 491 2541 noluemnt
513 2477 637 2541 solvere
660 2478 854 2542 renthennes
878 2479 948 2563 [sa'c]
972 2485 1068 2562 prout
1089 2485 1322 2563 praesentatum
1346 2485 1405 2554 est,
1419 2475 1455 2538 de

318 2565 401 2638 m'ia,
417 2564 463 2645 xij
477 2564 519 2640 d.,
534 2565 742 2629 condonatur.

360 2651 574 2714 Wnsnourrr.
619 2653 671 2715 Do
687 2653 764 2716 Rob.
781 2652 823 2716 fil.
840 2651 931 2728 Adae,
946 2673 1004 2736 pro
1016 2653 1029 2735 j
1046 2660 1256 2735 purprestura
1270 2653 1359 2716 facta
1373 2648 1455 2734 apud

318 2739 363 2803 Le
374 2738 568 2822 Lauglands,
577 2738 617 2801 de
627 2737 709 2822 long.
721 2739 763 2804 di.
776 2740 870 2815 rodae,
882 2740 935 2804 lat
946 2741 959 2821 j
972 2760 1028 2822 pes
1039 2738 1120 2826 [cic]‚
1132 2750 1165 2803 et
1175 2741 1281 2824 posita
1289 2740 1330 2803 ad
1342 2747 1454 2803 terram

318 2825 385 2889 Rio.
398 2825 440 2888 fil
453 2824 540 2909 Rog„
550 2826 582 2908 vj
594 2825 623 2889 d.
635 2847 643 2905 ;
657 2833 690 2889 et
701 2832 898 2909 pracceptum
913 2827 1070 2909 estquod
1085 2833 1260 2910 reponatur
1273 2827 1357 2891 citra
1371 2843 1453 2910 pror.

318 2933 383 2978 cur.
394 2932 452 2995 per
461 2913 568 2976 visum
581 2912 653 2994 jur„
664 2913 725 2976 sub
736 2933 833 2996 poena
843 2912 880 2976 xl
890 2913 1159 2996 d.-Injunotum
1170 2920 1220 2978 est
1229 2914 1381 2978 omnibus
1395 2917 1453 2974 ten.

318 2999 414 3076 villa,
429 2999 516 3082 quod
531 3000 653 3062 faciant
671 3001 685 3083 j
708 3021 913 3064 communem
935 3021 1064 3064 cursum
1085 3021 1187 3084 aquae,
1202 3001 1289 3084 apud
1310 3001 1343 3064 le
1367 2996 1456 3064 Suth-

317 3086 409 3150 leche
421 3117 425 3126 .
428 3087 525 3167 juxta
548 3086 827 3169 Whitburnaway,
843 3087 925 3151 citra
947 3088 1017 3151 fest
1039 3087 1172 3151 Pasohae
1194 3109 1282 3171 prox.
1306 3088 1377 3164 fut,
1398 3083 1453 3148 sub

319 3193 416 3255 poena
431 3173 467 3234 xl
476 3172 603 3236 d.-Dc
618 3174 726 3237 Adam
741 3174 764 3237 J
765 3194 867 3238 onson
882 3195 940 3258 pro
949 3174 972 3257 ij
984 3194 1007 3238 s.
1019 3172 1161 3238 detentis
1183 3174 1224 3238 de
1246 3174 1364 3238 salario
1384 3169 1453 3237 Joh.

319 3258 490 3342 Shephird,
505 3260 592 3324 unde
607 3259 687 3324 Rob.
702 3260 746 3323 fil.
766 3260 848 3324 Adae
871 3260 1217 3344 solvit-Injunctum
1239 3267 1288 3325 est
1309 3260 1453 3325 omnibus

319 3351 384 3409 ten
399 3345 495 3420 villae,
510 3345 597 3429 quod
620 3347 815 3411 conveniant
837 3348 879 3411 ad
894 3347 1060 3431 colligend.
1076 3348 1171 3431 praed.
1187 3349 1210 3430 ij
1221 3369 1245 3412 s.
1261 3349 1347 3412 inter
1369 3369 1411 3425 se,
1424 3351 1453 3407 et

318 3432 521 3495 satisfaciant
544 3433 631 3496 dioto
658 3433 737 3498 Rob.
763 3434 805 3498 fil
832 3434 922 3498 Adae.
945 3471 960 3484 -
982 3471 997 3481 -
1019 3442 1053 3498 at
1074 3435 1261 3516 injunctum
1283 3443 1332 3499 cst
1355 3435 1452 3499 eidem

318 3519 406 3601 quod
433 3524 567 3582 teneant
588 3520 694 3583 hirsill
716 3541 792 3584 cum
813 3522 964 3585 omnibus
986 3521 1182 3585 animalibus
1204 3522 1282 3597 suis,
1304 3523 1351 3585 ita
1373 3517 1451 3606 quod

319 3625 386 3670 non
406 3606 617 3670 invenientur
638 3616 729 3671 extra
752 3608 865 3672 villam
890 3609 1013 3691 absque
1039 3608 1194 3684 custodia
1216 3609 1277 3672 sub
1299 3629 1395 3692 poena
1413 3606 1449 3668 di.

318 3692 511 3757 marc-Do
522 3693 630 3756 Adam
644 3694 667 3757 J
669 3714 770 3758 onson
782 3716 839 3778 pro
855 3695 922 3778 xvij
936 3716 959 3759 s.
975 3696 1007 3777 vj
1020 3694 1051 3760 d.
1069 3702 1103 3759 et
1117 3696 1140 3759 J
1141 3695 1191 3759 oh.
1205 3695 1248 3758 fil.
1261 3695 1342 3760 Adae
1354 3694 1418 3777 xvij
1431 3712 1450 3754 s.

318 3780 351 3862 vj
362 3779 391 3844 d.
402 3780 542 3845 detentis
557 3779 641 3864 Agn.
652 3781 772 3856 Porter,
787 3802 828 3845 ex
842 3781 1007 3866 legacione
1022 3782 1132 3846 Thom.
1145 3783 1247 3865 patris
1263 3783 1358 3865 praed.
1374 3783 1448 3863 Agn.

317 3873 415 3950 prout
430 3867 575 3932 latentur
597 3868 633 3929 in
655 3868 752 3944 ouria,
768 3876 801 3932 et
823 3869 920 3952 praed.
935 3869 1019 3952 Agn.
1035 3868 1231 3935 condonavit
1246 3870 1292 3933 eis
1307 3891 1353 3932 xv
1364 3870 1392 3933 d.
1407 3869 1449 3930 ita

318 3954 405 4034 quod
427 3954 555 4018 solvant
577 3976 622 4018 xx
635 3975 657 4019 s.
674 3955 715 4018 ad
731 3955 802 4020 lest.
821 3955 953 4020 Paschae
968 3962 1002 4019 et
1016 3957 1107 4020 Pent
1124 3977 1212 4039 prox.
1228 3957 1299 4034 lut,
1313 3957 1353 4020 de
1375 3955 1451 4026 m'ia,

317 4039 363 4121 xij
374 4039 641 4124 d.-Injunctum
664 4049 714 4106 est
737 4042 887 4106 omnibus
911 4049 975 4107 ten.
1002 4043 1097 4107 istius
1119 4043 1215 4120 villa,
1238 4049 1271 4107 et
1292 4044 1393 4108 villat
1414 4041 1450 4104 de
1574 4041 1575 4044 ’

318 4125 464 4202 Fulwell,
474 4128 561 4210 quod
576 4136 709 4192 teneant
723 4138 844 4192 rectam
856 4129 944 4193 viam
960 4130 1000 4193 ad
1012 4129 1148 4193 molend.
1166 4131 1206 4194 de
1221 4130 1381 4207 Suthwik,
1396 4127 1449 4194 sub

317 4233 414 4294 poena
438 4213 473 4276 xl
484 4214 533 4293 d.;
558 4223 592 4278 et
613 4215 715 4280 eciam
737 4216 825 4298 quod
847 4222 971 4298 ponant
994 4224 1170 4281 merestans
1192 4218 1279 4281 inter
1300 4225 1357 4282 ter.
1380 4215 1446 4281 Joh.

316 4300 451 4363 Dauson
466 4307 500 4364 ct
513 4301 537 4364 J
538 4301 588 4366 oh.
605 4303 821 4366 Certen—Dc
832 4303 895 4385 jur.
912 4303 1007 4367 istius
1029 4303 1118 4368 villae
1132 4304 1210 4387 quia
1231 4325 1298 4369 non
1319 4323 1448 4389 praesen·

316 4393 468 4450 taverunt
482 4387 613 4451 domino
628 4388 744 4453 merch.

360 4474 494 4539 Surenas.
540 4475 732 4558 Injunctum
753 4483 811 4552 est,
835 4496 946 4541 omnes
969 4476 1158 4541 brasiatores
1174 4477 1245 4562 [sic]
1261 4478 1314 4542 del
1337 4478 1448 4548 Shelea
1574 4522 1575 4549 r

314 4561 401 4641 quod
423 4562 566 4626 vendant
587 4563 756 4627 cervisiam
779 4570 871 4627 extra
893 4563 1004 4628 domos
1027 4564 1075 4627 ita
1098 4565 1180 4629 bene
1202 4567 1287 4630 sicut
1312 4561 1447 4644 intrusi
