3224 5212
170 555 270 616 1381.
438 563 1053 613 1111110111111011111111111111118.
1254 552 1314 612 169

219 725 442 786 Prn'rnnorcn.
488 721 608 786 Memd.
636 721 722 805 quod
755 721 893 785 Thomas
919 721 1085 805 Annesley
1114 727 1147 784 et
1177 721 1315 785 Thomas

170 810 302 875 Rosche
317 829 417 872 mann
431 816 645 893 operaverunt
660 810 704 892 xij
723 829 767 873 ac.
784 816 840 872 ter.
857 808 957 873 semel
971 815 1064 873 errat.
1080 828 1138 891 per
1160 809 1315 871 Thomam

170 898 322 973 Elinson,
337 917 417 981 quas
432 897 674 961 seminaverunt
688 897 750 959 hoc
771 916 857 960 anno
879 916 920 959 ex
935 895 1123 958 dimissione
1139 895 1222 958 dom.
1240 897 1263 959 J
1265 897 1314 960 oh.

171 985 218 1048 de
233 985 420 1067 Beryngton
431 990 503 1049 terr.
515 1000 578 1048 11).
591 981 679 1070 [etc]
691 984 782 1059 1111111,
793 989 827 1046 et
841 984 928 1066 cepit
940 982 1008 1066 [sie]
1025 1003 1131 1047 acram
1149 1003 1205 1064 pro
1218 983 1231 1065 j
1245 1003 1316 1046 ves-

170 1080 252 1136 tnra
265 1091 323 1155 pro
337 1071 394 1154 viij
407 1071 446 1147 d.‚
462 1077 495 1134 et
517 1071 619 1135 eciam
634 1071 876 1134 seminaverunt
897 1070 956 1134 hoc
972 1090 1057 1133 anno
1073 1090 1114 1132 ex
1129 1069 1316 1134 dimissione

171 1159 262 1223 dom.
275 1158 403 1234 Prioris,
413 1165 451 1221 nt
463 1157 586 1234 dicunt,
598 1164 631 1221 et
641 1157 733 1221 Prior
744 1157 938 1221 contradixit
947 1157 981 1219 in
994 1158 1089 1220 curia
1124 1157 1166 1218 Et
1177 1157 1316 1220 Thomas

174 1244 394 1329 deAnnesley
405 1251 534 1328 pratum
545 1244 716 1328 pertinent.
729 1244 824 1308 dictae
836 1251 891 1307 ter.
905 1243 964 1306 hoc
974 1264 1059 1307 anno
1071 1250 1104 1307 et
1115 1263 1199 1306 anno
1212 1263 1317 1325 prece·

173 1332 279 1409 denti,
289 1331 362 1396 ideo
377 1340 551 1396 onerentur
566 1331 635 1415 [sic]
651 1332 692 1395 de
706 1331 883 1395 firm-De
898 1331 1021 1394 Thema
1036 1331 1160 1394 Rasohe
1175 1350 1232 1414 pro
1248 1329 1316 1392 oul-

175 1418 259 1483 tello
274 1439 332 1482 suo
347 1424 500 1495 extracto,
511 1419 552 1482 ad
568 1417 785 1502 percusoiond.
796 1418 940 1482 Bernard
949 1417 989 1481 de
1000 1419 1152 1500 Lemyng,
1168 1417 1203 1480 xl
1214 1417 1243 1480 d.
1254 1415 1317 1503 [nil

174 1507 256 1590 qnia
270 1506 348 1570 fecit
361 1506 398 1569 in
412 1506 544 1570 deffenc
557 1527 616 1570 sua
630 1506 667 1568 ia
676 1505 935 1588 maniaci-De
948 1505 1110 1568 Bernardo
1122 1504 1161 1568 do
1174 1505 1318 1588 Lemyng

174 1613 236 1678 pro
249 1591 380 1657 cultello
395 1613 453 1657 suo
469 1600 614 1658 extracto
629 1593 670 1656 ad
685 1591 902 1676 percusciend.
918 1592 1074 1655 Thomam
1090 1591 1224 1668 Busche,
1240 1592 1275 1654 xl
1288 1591 1316 1656 d.

223 1679 449 1744 Monnsanwn.
486 1680 538 1744 De
549 1680 657 1744 Alicio
666 1680 709 1743 fil.
722 1680 846 1743 Emmae
857 1680 986 1762 Stayter
997 1700 1055 1761 pro
1067 1679 1217 1743 merchet.
1230 1678 1316 1762 Pleg.

177 1765 347 1831 Gilbertus
362 1766 527 1843 Unoouth,
542 1767 619 1850 quia
633 1766 725 1830 illam
739 1767 961 1849 inhospitavit‚
976 1766 1008 1848 vj
1021 1766 1051 1829 d.

224 1854 457 1918 anrncnnn.
504 1854 698 1918 Ordinatum
720 1859 770 1917 est
792 1874 831 1918 ex
848 1874 926 1918 com.
942 1872 1083 1926 assensu,
1098 1851 1184 1934 qnod
1206 1851 1318 1916 nullus

177 1960 292 2004 eornm
317 1947 441 2024 ponant
462 1941 568 2004 linum
594 1961 654 2006 neo
676 1942 836 2004 canobum
858 1942 1001 2022 ineque
1028 1940 1114 2002 inter
1140 1939 1223 2003 dom.
1243 1939 1319 2021 Epi-

176 2048 315 2110 scopum
336 2034 370 2092 et
393 2028 545 2105 Priorem,
568 2028 629 2092 snb
651 2047 748 2111 poena
773 2027 809 2090 xl
824 2027 864 2104 d.‚
886 2034 920 2092 et
946 2027 1047 2090 eciam
1070 2026 1156 2108 quod
1178 2025 1318 2109 quilibet

176 2115 309 2178 evacuit
331 2115 401 2199 [sio]
425 2135 554 2180 cursum
580 2134 673 2198 aquae
695 2135 751 2198 pro
767 2120 858 2197 parto
873 2135 940 2190 sua,
960 2115 1021 2178 sub
1043 2113 1154 2176 eadem
1170 2133 1319 2196 poena-

178 2201 377 2265 Ordinatum
407 2209 519 2266 estex
542 2222 621 2266 com.
645 2221 787 2278 assensu,
809 2201 896 2284 quod
918 2201 1030 2264 nullus
1052 2221 1161 2264 eornm
1186 2200 1318 2263 mittant

177 2309 296 2372 pueros
311 2288 353 2352 ud
368 2290 589 2373 operacionem
605 2296 683 2371 stag.
700 2289 959 2352 molendinorum
975 2287 1061 2351 inira
1082 2286 1263 2350 dominium
1279 2287 1319 2350 de

179 2375 506 2460 Billynghamsohire,
522 2377 583 2440 sub
598 2375 633 2438 xl
644 2376 683 2452 d.‚
698 2375 841 2440 solvend.
858 2375 1014 2439 etc—De
1032 2374 1132 2438 Diota
1147 2373 1271 2438 Smoull
1287 2380 1320 2438 et

177 2462 334 2528 dohanna
348 2463 388 2527 de
403 2463 557 2540 Neusom,
573 2463 651 2547 quia
666 2468 944 2527 suntcommunes
959 2462 1158 2547 litigatrices‚
1168 2461 1209 2525 de
1224 2481 1320 2545 poena

176 2549 332 2633 imposita
346 2549 406 2633 ijs

225 2637 503 2701 Esrnmmorou.
549 2636 708 2700 Robertus
734 2635 774 2700 de
801 2635 1012 2719 Maynesford
1038 2655 1063 2698 c.
1090 2657 1113 2698 x
1135 2655 1179 2698 ac.
1203 2635 1261 2700 ult.
1285 2635 1320 2696 in

178 2729 246 2788 ten.
262 2725 392 2788 Thomae
415 2723 455 2788 de
476 2723 640 2807 Morpath,
662 2722 827 2807 quondam
849 2722 979 2802 vicarii;
1000 2722 1135 2785 haband.
1152 2741 1320 2805 quousque

180 2809 266 2874 alius
288 2821 402 2874 tenens
417 2811 543 2876 venerit
564 2811 622 2895 qni
644 2811 813 2893 antiquam
835 2810 914 2875 firm.
931 2809 1061 2873 reddere
1076 2807 1222 2884 voluerit,
1234 2807 1319 2872 redd.

179 2918 212 2981 p.
237 2917 264 2960 a
289 2898 321 2980 vj
334 2918 358 2962 s.
385 2897 442 2980 viij
456 2897 484 2961 d.
506 2899 593 2981 quod
614 2898 704 2980 prius
726 2896 866 2960 reddidit
895 2896 1071 2960 xs-Joh.
1103 2896 1205 2977 Gerry
1234 2895 1321 2978 cepit

181 2983 408 3068 Shelommyln
422 2984 559 3050 molend.
572 2985 781 3048 ventriticum
792 2991 826 3048 et
837 2983 868 3047 le
883 2985 965 3046 malt
981 2981 1022 3066 [1]
1032 2982 1114 3045 miln
1129 2981 1168 3045 de
1183 2983 1210 3044 F
1211 3003 1267 3065 ery
1279 2982 1320 3044 ad

180 3076 274 3138 term.
291 3072 325 3154 iij
344 3093 403 3150 an,
418 3071 505 3136 redd.
521 3092 579 3154 pro
601 3072 706 3154 primo
729 3092 823 3148 anno,
837 3071 882 3154 vij
898 3070 941 3148 li,
956 3070 1097 3134 secundo
1120 3089 1205 3132 anno
1227 3069 1272 3151 vij
1285 3068 1319 3134 li.

183 3159 229 3241 xij
243 3178 266 3222 s.
283 3159 330 3241 iiij
344 3159 384 3234 d.‚
400 3165 433 3223 et
446 3159 545 3222 tercio
561 3158 618 3240 viij
634 3158 667 3222 li.

226 3245 402 3310 Hannonis.
449 3246 657 3329 Compertum
680 3251 728 3309 est
749 3264 807 3328 per
828 3249 1063 3308 sacramentum
1087 3242 1227 3308 Simonis
1249 3241 1322 3326 Figi

180 3333 265 3414 (aad
290 3333 389 3396 clocca
410 3333 521 3415 others)
544 3332 630 3415 quod
652 3337 732 3396 vast.
756 3331 844 3395 villae
867 3330 907 3394 de
932 3331 1038 3395 Hebn.
1061 3337 1210 3394 constant
1236 3329 1320 3394 dom.

182 3420 288 3482 Priori
300 3419 462 3496 Dunelm,
473 3426 507 3483 et
519 3419 605 3502 quod
620 3419 750 3502 quidem
768 3418 839 3501 [sic]
851 3418 943 3482 fovea
958 3418 1042 3481 infra
1053 3417 1166 3481 villam
1179 3418 1320 3482 situatur

181 3507 268 3569 infra
283 3514 363 3570 vast.
376 3507 481 3590 praed,
493 3513 527 3570 et
542 3513 722 3570 reservatur
736 3526 794 3587 pro
810 3505 901 3588 equis
917 3505 1084 3588 aquandis,
1095 3510 1128 3568 et
1138 3504 1228 3586 ¹quod
1244 3502 1317 3566 Joh.

180 3593 222 3658 de
237 3593 434 3656 Hethworth
449 3593 523 3676 plus
539 3593 709 3656 asiamenti
723 3592 799 3656 inde
814 3591 930 3655 habere
947 3613 1012 3654 non
1027 3591 1130 3666 debet,
1143 3591 1206 3654 nisi
1222 3589 1319 3654 ceteri

182 3687 248 3746 ten.
264 3680 354 3744 villae
373 3680 503 3756 habent,
519 3687 553 3744 et
567 3680 653 3763 qnod
675 3687 794 3743 terram
819 3699 878 3742 nec
900 3677 1023 3761 lapides
1041 3679 1076 3740 in
1099 3676 1210 3741 eadem
1233 3677 1320 3739 fovia

183 3767 253 3852 [sic]
269 3767 445 3832 existentes
460 3787 642 3830 ammovere
657 3766 697 3830 de
716 3767 789 3848 jure
804 3771 918 3848 potest,
933 3786 993 3829 neo
1010 3764 1127 3847 aliquis
1148 3763 1240 3839 alius,
1255 3763 1320 3826 nisi

183 3862 314 3918 tantum
330 3855 411 3918 dom.
425 3854 525 3930 Prior,
540 3853 597 3936 qui
612 3859 662 3916 est
676 3853 759 3915 dom.
771 3853 857 3916 vasti
872 3853 966 3934 praed.

226 3942 442 4006 Wnamourn.
487 3941 539 4004 De
554 3940 628 4004 Joh.
647 3940 687 4003 de
701 3939 823 4022 Wigby
839 3945 872 4002 et
886 3939 975 4002 Will.
991 3937 1031 4000 de
1052 3935 1227 4020 Appelton,
1243 3937 1321 4018 quia

183 4028 360 4092 noluerunt
373 4029 503 4092 mittere
518 4048 575 4110 pro
587 4027 648 4110 jur.
664 4025 761 4100 villae,
776 4027 817 4089 ad
832 4026 968 4109 ponend.
984 4024 1014 4088 le
1031 4023 1217 4088 Merkstans
1232 4023 1318 4111 inter

183 4122 257 4179 terr.
274 4116 314 4179 de
329 4114 496 4198 Appelton
511 4122 545 4178 et
558 4115 581 4178 J
583 4114 633 4179 oh.
652 4113 692 4176 de
706 4113 837 4196 Wigby,
851 4119 948 4196 prout
969 4112 1153 4194 injunctum
1174 4111 1238 4173 fuit
1256 4111 1320 4194 jur.

182 4203 219 4266 111
238 4202 296 4265 ult.
312 4203 411 4279 curia,
426 4202 471 4284 xij
486 4201 524 4279 d.‚
539 4208 572 4266 et
594 4201 779 4284 injunctum
802 4209 851 4263 est
869 4201 930 4281 jur.
955 4199 1070 4274 adhuc,
1089 4197 1175 4282 quod
1197 4204 1321 4282 ponant

184 4289 281 4373 praed.
299 4290 486 4353 Merkstans
501 4289 582 4352 citra
596 4308 685 4371 prom
702 4287 832 4364 curiam,
849 4287 909 4350 sub
924 4307 1021 4370 poena
1036 4308 1056 4348 x
1067 4306 1090 4350 s.

228 4377 380 4440 Hmrou.
426 4377 634 4458 Compertum
655 4380 706 4438 est
727 4395 785 4458 per
801 4381 1037 4437 sacramentum
1052 4375 1075 4438 J
1077 4372 1127 4436 oh.
1143 4371 1224 4435 Reid
1240 4372 1322 4455 (aad

183 4465 281 4527 cloaca
295 4462 409 4545 others)
424 4464 510 4546 quod
525 4462 600 4527 Joh.
616 4461 659 4524 fil.
674 4461 748 4525 Jon.
764 4460 807 4524 fil.
823 4460 905 4524 Adae
920 4460 1073 4537 defuncti,
1088 4465 1231 4522 moratur
1245 4479 1320 4521 cnm

184 4550 297 4614 Ricde
307 4550 521 4614 Hetheworth
531 4549 617 4632 apud
628 4548 797 4630 Suthwyk,
807 4547 885 4611 itam
895 4547 981 4630 quod
990 4545 1242 4622 Will.,Walt.,et
1251 4544 1319 4608 Ric.

181 4638 224 4700 fil.
237 4637 310 4702 Joh.
325 4639 474 4722 Dogeson
484 4637 524 4702 de
539 4637 677 4712 Harton,
689 4641 765 4699 sunt
777 4635 880 4699 nativi
895 4634 978 4698 dom.
991 4634 1118 4710 Prioris,
1128 4642 1161 4697 et
1171 4632 1323 4696 nesciunt
