3278 5204
166 556 260 622 1368.
424 573 582 623 nmuorl
597 573 782 624 rrronlrus
797 573 1039 624 nnnncnnusrs.
1263 565 1301 624 75

164 763 210 775 —
219 731 271 794 De
286 731 428 796 Roberto
442 731 510 796 filio
525 736 558 796 et
571 731 697 796 haerede
711 730 874 796 lobannis
890 731 952 795 filii
974 731 1103 796 Matild’
1116 751 1176 814 pro
1189 731 1303 797 heriot’

162 837 223 900 pro
234 816 248 900 j
265 819 430 901 mesuagio
444 823 479 883 et
492 839 539 882 xx
560 818 643 883 aeris
664 824 757 882 terrae
777 837 858 901 quas
879 823 971 882 tenet
991 817 1092 883 libere
1113 838 1172 900 per
1192 819 1303 884 homa-

163 903 254 986 gium
269 909 302 969 et
315 905 506 970 fidelitatem
521 909 555 968 et
569 905 681 969 servic'
697 905 769 969 40d
792 911 825 968 et
846 904 959 968 heriot’
973 905 1034 970 viz.
1049 904 1180 968 meliore
1195 905 1303 970 averio

166 987 250 1074 [lbs.
273 996 307 1054 et
327 992 412 1055 nihil
434 992 475 1056 de
495 992 584 1056 r'leu'
599 1040 631 1057 ..
650 991 773 1055 custod'
795 993 833 1055 ta
848 991 943 1074 paler
964 989 1099 1076 iakl-
1111 991 1302 1073 Injunctnm

164 1083 215 1141 est
237 1077 382 1142 Johanni
403 1078 443 1144 de
465 1079 617 1162 Raynton
638 1078 811 1161 praeposito
833 1077 997 1143 executori
1017 1077 1205 1142 testamenti
1230 1077 1303 1142 Gil-

161 1163 248 1227 berti
261 1164 322 1228 filii
336 1165 495 1230 Willelmi
510 1165 666 1230 deffirnoti
681 1165 722 1228 ad
736 1165 951 1248 reparandum
965 1183 1068 1229 unum
1082 1164 1244 1248 cotogium
1265 1165 1302 1230 in

164 1249 340 1314 sufficienti
353 1256 451 1317 statu.
466 1288 481 1299 -
496 1289 509 1302 -
553 1253 604 1316 De
619 1251 770 1317 Johanne
792 1250 926 1316 Macher
948 1271 1007 1334 pro
1020 1251 1034 1333 j
1054 1252 1115 1314 eot’
1130 1256 1164 1316 et
1177 1251 1223 1334 xij
1240 1271 1302 1316 aer.

163 1341 258 1400 terrae
287 1357 367 1420 quas
396 1338 563 1403 Gilbertus
588 1338 675 1402 filius
697 1336 856 1402 Willelmi
884 1337 974 1420 prius
1003 1337 1135 1401 habuit:
1163 1338 1228 1402 ten’
1244 1357 1310 1421 pro·

164 1443 252 1487 anno
265 1423 392 1488 futuro:
416 1425 591 1508 incipiend’
606 1424 730 1489 solvere
745 1424 786 1488 ad
799 1425 921 1489 festum
936 1424 1026 1488 Pent¹
1042 1424 1131 1508 prox'
1146 1423 1301 1488 futurum.

213 1601 307 1673 1368,
320 1595 524 1682 Ill-[This
539 1597 600 1661 roll
616 1597 645 1660 is
660 1596 818 1673 headless,
833 1596 897 1660 and
912 1596 940 1660 is
955 1596 1106 1660 indorsed
1115 1597 1161 1679 by
1173 1595 1303 1661 Steven-

165 1701 226 1745 son
240 1689 257 1716 “
271 1684 382 1760 1368,''
396 1683 554 1767 probably
568 1704 611 1747 on
625 1684 682 1748 the
697 1683 850 1748 evidence
865 1684 901 1746 of
911 1682 967 1747 the
983 1688 1078 1765 entry
1092 1683 1194 1746 under
1208 1683 1302 1748 East

165 1769 376 1854 Merrington.
422 1770 580 1854 contrary
601 1775 636 1834 to
657 1770 714 1833 the
735 1769 831 1834 usual
851 1769 1001 1852 practice,
1022 1769 1078 1834 the
1100 1769 1303 1852 Memingtcn

164 1854 294 1921 district
307 1856 459 1939 precedes
473 1856 546 1920 that
560 1857 597 1920 of
608 1856 786 1922 Wallsend.
830 1856 909 1919 This
923 1855 951 1918 is
966 1875 1009 1918 no
1024 1875 1110 1919 error
1125 1854 1160 1918 of
1171 1856 1304 1938 sewing,

164 1942 251 2024 Fery
264 1943 361 2028 being
375 1963 418 2006 on
431 1942 488 2008 the
503 1963 591 2008 same
607 1942 792 2008 membrane
814 1962 849 2006 as
864 1941 1086 2018 Walleshend,
1100 1940 1165 2004 end
1175 1942 1302 2024 preced-

164 2028 223 2111 ing
236 2029 272 2094 it.

209 2027 510 2180 Esrannrroron.
554 2114 647 2180 Laur'
668 2116 801 2178 Hunter
822 2120 855 2179 et
877 2114 1035 2178 Robertus
1062 2112 1192 2178 Hikson
1213 2133 1303 2196 oepe-

164 2206 244 2265 runt
264 2202 310 2284 xij
334 2223 422 2268 acras
444 2203 479 2266 in
500 2203 532 2266 le
555 2203 709 2268 Ootmour
730 2202 895 2285 quondam
915 2201 951 2264 in
972 2206 1089 2264 tenura
1110 2200 1240 2264 Ricardi
1262 2201 1303 2266 de

164 2289 360 2372 Meryngton
376 2309 434 2372 pro
445 2289 490 2371 xij
507 2288 600 2353 annis
615 2309 634 2352 a
649 2289 732 2353 festo
753 2288 783 2352 S.
800 2287 937 2351 Martini
958 2307 1043 2351 anno
1064 2286 1192 2370 lxviij⁰z
1213 2287 1301 2352 redd.

163 2395 224 2457 pro
246 2395 318 2440 acra
342 2376 410 2440 6d.:
432 2375 616 2458 incipiendo
638 2375 761 2440 solvere
783 2374 825 2437 ad
846 2375 965 2438 festum
987 2374 1078 2438 Pent
1102 2393 1186 2438 anno
1208 2373 1301 2437 lxix0.

164 2463 210 2525 Et
231 2462 399 2526 sciendum
420 2462 508 2545 quod
529 2461 712 2525 habuerunt
732 2466 897 2525 vecturam
919 2459 997 2523 anni
1017 2459 1226 2543 praecedentis
1243 2480 1302 2544 pro

164 2568 230 2631 qua
244 2549 347 2612 nichil
361 2549 522 2613 solverant
536 2569 593 2631 per
607 2547 841 2612 confessionem
855 2545 989 2611 terrarii.

210 2635 310 2700 rnen.
354 2635 557 2718 Praeceptum
571 2641 620 2699 est
635 2634 824 2718 distringere
838 2632 955 2696 liberor
969 2636 1117 2696 tenentes
1135 2632 1176 2696 ad
1194 2653 1301 2716 repar-

164 2719 289 2784 andum
310 2721 533 2786 molendinum
555 2721 741 2804 aquaticum
764 2720 848 2784 sieut
862 2719 897 2781 in
912 2717 1059 2802 pluribus
1075 2717 1248 2795 Helmotis,
1263 2739 1301 2783 eo

165 2807 253 2890 quod
278 2807 442 2872 husbandi
464 2808 611 2873 fecenmt
636 2827 693 2890 per
721 2812 847 2889 partem
872 2825 971 2869 suam
984 2804 1229 2886 -Injunctum
1251 2810 1301 2869 est

165 2893 318 2958 omnibus
339 2894 526 2959 tenentibus
540 2894 629 2958 villae
643 2892 731 2976 quod
752 2893 889 2975 quilibet
904 2911 1012 2957 eorum
1027 2890 1161 2953 veniant
1179 2890 1249 2974 [eie]
1263 2890 1301 2953 in

165 2979 326 3044 auxilium
352 2980 614 3056 eonstibiliorum,
639 2980 699 3043 viz.
725 2979 891 3043 <lohannes
921 2978 961 3042 de
987 2975 1179 3052 Bichebum‚
1203 2976 1300 3061 Hugo

164 3066 283 3149 Smyth
298 3071 331 3130 et
346 3067 503 3131 Robertus
519 3067 559 3130 de
573 3067 778 3150 Meryngton,
794 3065 835 3128 ad
850 3061 1022 3128 arrestand’
1037 3061 1267 3128 malefactores.

209 3153 412 3218 Hnwonrns.
457 3153 509 3216 De
531 3153 680 3217 omnibus
706 3150 893 3217 tenentibus
918 3149 1014 3214 istius
1038 3147 1127 3212 villae
1153 3146 1301 3233 [Nethir-

164 3239 336 3316 Hervorth,
352 3239 477 3324 though
492 3239 749 3303 Over-Heworth
767 3238 795 3302 is
819 3237 883 3302 last
897 3234 1083 3320 previously
1096 3233 1300 3322 mentioned]

167 3325 219 3390 cd.
251 3331 285 3389 et
312 3325 382 3389 vill'
412 3326 451 3389 de
482 3326 740 3390 Ouer-Heworth
772 3324 842 3388 rad.
873 3323 950 3407 quia
978 3341 1044 3386 non
1072 3329 1302 3404 reparaverunt

166 3431 298 3476 cursum
309 3431 401 3494 aquae
415 3412 502 3496 apud
514 3412 547 3475 le
559 3412 651 3476 Prest
662 3412 818 3476 Medowe.
829 3447 873 3457 —
881 3410 1072 3492 Injunctum
1083 3414 1133 3474 est
1142 3409 1176 3472 N
1176 3409 1301 3474 ioholao

166 3499 316 3562 Forester
329 3498 416 3581 quod
430 3497 638 3582 impignorari
660 3498 758 3562 faciat
771 3497 955 3564 lohannem
977 3495 1017 3560 de
1039 3494 1200 3578 Sohepfell
1222 3495 1302 3560 cari-

166 3590 278 3648 antem
300 3585 420 3648 molera
443 3585 568 3649 lucrata
592 3584 678 3648 infra
706 3604 855 3666 campum
880 3582 1016 3646 Domini
1039 3581 1191 3665 Episcopi
1215 3581 1302 3644 ultra

166 3670 274 3734 solum
300 3671 420 3734 Prioris
446 3676 479 3735 et
502 3691 613 3735 omnes
639 3671 718 3734 alios
741 3670 798 3753 qui
821 3668 986 3752 applicant
1007 3687 1081 3732 cum
1102 3667 1183 3731 velis
1206 3687 1302 3749 super

166 3757 274 3821 solum
297 3757 700 3822 Domini-Ordinatum
726 3761 776 3821 est
801 3776 842 3820 ex
871 3754 1035 3819 communi
1057 3771 1189 3817 assensu
1214 3752 1301 3834 quod

166 3848 216 3908 est
232 3841 304 3930 [sic]
320 3843 415 3908 istius
428 3843 516 3908 villae
538 3844 626 3927 quod
646 3842 757 3908 nullus
779 3863 889 3908 eorum
910 3840 1076 3924 permittat
1091 3857 1188 3919 equos
1204 3838 1252 3921 [et
1266 3859 1301 3902 or

167 3930 236 4012 vel]
247 3931 347 3994 boves
361 3930 482 3994 intrare
497 3929 651 4014 stipulam
666 3929 719 4016 [=
737 3929 793 3993 the
808 3925 951 4013 stubble]
964 3925 1051 4009 apud
1060 3924 1091 3988 le
1102 3923 1251 3988 Milnhill
1265 3925 1302 3988 in

165 4022 347 4099 autumpno
375 4037 435 4082 nec
456 4037 575 4101 ponere
597 4035 695 4099 equos
718 4035 792 4080 suos
814 4017 984 4080 noctanter
1007 4015 1181 4094 antequam
1205 4011 1302 4077 blada

165 4103 337 4168 cariantur.

210 4189 421 4254 Wvursrow.
465 4189 517 4252 De
538 4187 689 4254 Johenne
712 4188 829 4272 Smyth
848 4186 976 4271 juniore
997 4204 1055 4268 pro
1076 4183 1158 4248 falsa
1172 4185 1303 4267 querela

165 4295 227 4339 sua
248 4295 362 4339 versus
384 4275 541 4340 Odenello
562 4274 715 4358 Tailyour
736 4275 775 4339 de
796 4294 862 4338 uno
883 4270 1063 4336 flammeolo
1089 4275 1122 4334 et
1144 4271 1214 4335 rad.
1230 4291 1303 4354 quae

165 4382 251 4425 uxor
273 4360 419 4444 ejusdem
443 4361 575 4426 Odnelli
598 4361 751 4461 ᾞεῦγᾳω
774 4360 896 4444 legavit
911 4357 1073 4460 ,praedicto
1098 4357 1244 4469 Johpnni
1269 4364 1304 4421 et

165 4442 1303 4618 111,111’1111111111111131111111111111111

165 4642 246 4684 uum
265 4621 313 4685 od.
330 4627 427 4705 prout
441 4626 641 4705 compertum
655 4625 712 4698 est,
728 4620 767 4685 de
782 4618 1002 4688 misericordia
1014 4616 1062 4680 od.
