3278 5204
305 593 346 652 68
580 603 738 654 wora
751 602 934 653 Pmomus
948 603 1188 654 nuvmmsls.
1347 592 1442 652 1368.

302 761 391 845 prox’
406 759 737 846 cur'.-Injunctun1
751 767 801 828 est
815 761 964 828 omnibus
977 760 1165 828 tenentibus
1179 759 1220 826 de
1230 759 1442 844 Billyngham

302 847 389 932 quod
401 848 542 932 reparari
552 848 675 914 faciant
685 848 717 915 le
731 847 947 914 Wetherkett’
957 849 1041 914 citra
1054 849 1176 914 festum
1190 847 1221 913 S.
1236 847 1383 912 Martini
1395 885 1442 896 -

302 933 354 999 De
380 935 532 1002 omnibus
557 934 745 1000 tenentibus
770 933 859 1000 villm
884 935 962 1020 quia
984 954 1051 1000 non
1076 933 1185 1000 debite
1208 941 1442 1018 reparaverunt

301 1021 506 1174 111111111
534 1021 1223 1192 hjhtlt‘tttthttttttt
1247 1020 1442 1192 1611111

301 1194 414 1260 nullus
425 1215 536 1260 eorum
546 1195 670 1260 molent
681 1194 751 1279 [616]
766 1194 846 1260 alibi
855 1214 956 1280 quam
966 1194 1008 1260 ad
1018 1193 1157 1260 moland’
1172 1193 1213 1260 (16
1228 1193 1442 1278 Billyngham

301 1287 419 1365 praeter
432 1281 475 1347 ad
488 1280 629 1347 molend'
643 1281 729 1345 infra
742 1281 879 1366 paroch’.

345 1367 576 1434 Wotunsron'.
620 1367 672 1434 De
686 1367 853 1434 Willelmo
874 1367 1107 1452 Tomlynsman
1126 1387 1185 1452 pro
1203 1366 1306 1432 freths
1326 1367 1442 1432 fractis

302 1453 389 1518 unde
403 1473 469 1518 non
491 1453 524 1539 p‘
538 1453 720 1539 acquietare
741 1454 823 1520 1616
837 1453 1006 1521 Frothleld
1027 1473 1085 1540 per
1098 1473 1197 1538 equos
1219 1473 1293 1519 suos
1311 1453 1384 1520 121.
1397 1489 1442 1500 -

302 1539 353 1605 Do
379 1540 493 1605 eodem
515 1541 594 1625 quia
621 1540 729 1606 noluit
756 1560 884 1625 passere
912 1560 1118 1606 communem
1142 1540 1319 1626 porcariam
1342 1547 1443 1624 prout

301 1629 418 1692 turnus
443 1647 522 1692 suus
547 1627 741 1712 postulabat,
763 1632 860 1712 prout
884 1633 1113 1712 presentatum
1135 1633 1186 1693 est
1209 1646 1267 1711 per
1287 1628 1362 1711 jur',
1389 1627 1442 1692 od.

301 1712 504 1798 Praeceptum
519 1719 569 1780 est
583 1713 760 1780 attechiare
773 1714 978 1779 Willelmum
992 1714 1046 1780 dol
1061 1714 1138 1798 Hay
1151 1714 1193 1780 ad
1207 1713 1382 1778 assandum
1395 1713 1440 1778 ad

301 1799 437 1866 liberam
462 1801 585 1866 curiam
613 1800 656 1866 ad
678 1800 936 1885 respondendum
960 1801 1039 1885 qnia
1063 1800 1169 1865 noluit
1193 1819 1322 1884 passere
1351 1820 1440 1865 com-

302 1905 434 1953 munem
458 1889 635 1972 pomonam
663 1894 760 1971 prout
788 1893 1020 1972 praesentatum
1045 1885 1371 1952 fuit-Willelmus
1398 1886 1441 1950 (16

302 1973 441 2039 Stokton
463 1980 497 2040 61
511 1973 697 2040 willelmus
719 1973 871 2058 Iitillayr
892 1974 989 2039 616611
1010 1980 1088 2039 sunt
1108 1977 1277 2038 testatores
1295 1973 1442 2037 cervisiae

302 2065 335 2124 et
358 2061 461 2142 jurati
486 2059 823 2126 sunt-willalmus
852 2060 1011 2145 Sergaum
1036 2059 1129 2124 vonit
1157 2065 1191 2126 61
1219 2058 1305 2142 cepit
1334 2079 1441 2122 unum

302 2147 503 2230 mesuagium
517 2151 551 2210 61
564 2165 609 2210 xv
623 2165 712 2211 acras
726 2151 819 2212 torrae
833 2166 906 2231 quae
920 2146 1007 2212 idem
1021 2145 1206 2211 Willolmus
1221 2147 1311 2229 prius
1331 2146 1443 2210 tenuit

301 2237 334 2294 61
349 2251 422 2314 quaa
436 2237 530 2316 capta
543 2231 721 2324 fuerentin
736 2253 835 2298 manu
851 2233 921 2318 [sic]
936 2232 1062 2298 domini
1072 2233 1149 2316 quia
1163 2252 1234 2297 eam
1249 2231 1319 2316 [616]
1333 2232 1441 2296 taber-

301 2319 394 2381 navit
419 2317 490 2382 sine
514 2317 666 2384 licencia:
694 2317 832 2385 habend’
855 2326 888 2386 61
909 2320 974 2384 ten'
995 2319 1038 2385 ad
1058 2319 1234 2384 terminum
1254 2318 1332 2383 vitea
1353 2339 1441 2383 suae:

301 2403 388 2468 redd.
410 2423 441 2487 p.
465 2422 493 2468 a.
520 2405 666 2470 116616.
689 2406 856 2489 antiquam
878 2405 1020 2470 firmam:
1049 2407 1093 2470 Et
1112 2405 1210 2470 166161
1234 2405 1378 2470 Domino
1407 2412 1443 2469 61

300 2490 418 2554 vicinis
443 2510 516 2574 quae
543 2491 756 2556 incumbunt:
785 2492 976 2577 Incipiendo
996 2493 1120 2557 solvero
1141 2492 1324 2558 aelfestum
1346 2492 1442 2556 Pent.

301 2596 390 2660 prox.
405 2577 569 2642 futurum:
590 2577 676 2662 Pleg.
731 2579 775 2642 Et
798 2577 856 2643 dat
872 2599 929 2663 pro
950 2579 1100 2663 gree’m'a.
1118 2579 1208 2644 40d.:
1230 2579 1440 2644 condonetur.

300 2663 394 2728 Idem
415 2663 600 2729 Willelmus
622 2663 721 2730 habet
742 2664 912 2730 licenciam
931 2665 1122 2730 tabemandi
1140 2665 1331 2748 predictum
1352 2669 1441 2729 oote-

300 2752 391 2834 gium
413 2757 447 2816 61
467 2751 503 2834 iij
527 2770 616 2815 acras
636 2755 729 2815 terrae
743 2752 804 2818 vin
818 2751 855 2815 in
870 2751 1015 2835 quolibet
1029 2772 1142 2836 campo
1153 2752 1167 2835 j
1184 2771 1289 2816 acram
1312 2751 1354 2815 ad
1376 2755 1442 2816 ter-

301 2839 428 2903 minum
437 2839 516 2903 vitae
530 2858 604 2903 suae.
938 2907 942 2914 ,

345 2925 493 2991 Gauron,
537 2925 589 2990 De
611 2923 763 2990 Johanne
785 2923 839 2990 (161
861 2924 958 2989 Reve
980 2927 1144 3009 quianon
1165 2924 1328 3009 reparavit
1349 2929 1443 2988 1666

303 3017 413 3077 66616
435 3031 494 3076 sua
514 3017 676 3095 prostrate
689 3011 725 3074 in
739 3015 854 3076 tenura
868 3031 927 3076 sua
948 3017 1045 3095 prout
1058 3011 1098 3076 el’
1112 3012 1297 3094 injunctum
1311 3011 1379 3076 fuit
1394 3011 1442 3074 eis

302 3097 338 3160 in
352 3098 478 3163 ultimis
493 3097 657 3162 Halmotis
677 3097 738 3162 sub
753 3117 849 3182 poene
863 3097 905 3162 di
920 3117 1034 3162 marce
1048 3119 1089 3164 ex
1110 3098 1216 3183 gracia
1231 3099 1280 3162 tri
1325 3099 1370 3162 Et
1391 3097 1444 3160 in-

299 3184 451 3266 junctum
476 3189 527 3247 est
553 3183 660 3248 eidem
685 3183 771 3266 quod
794 3183 934 3267 reparari
958 3184 1057 3248 166161
1081 3184 1244 3268 praedic'm
1268 3185 1332 3248 ten'
1359 3185 1443 3248 citra

303 3269 391 3351 prox’
408 3269 472 3332 661
487 3268 549 3332 sub
564 3290 661 3352 poene
675 3269 710 3332 di
724 3289 846 3338 marcae.
856 3307 900 3320 -
910 3271 962 3335 De
976 3289 1076 3334 uxore
1089 3271 1113 3335 J
1114 3271 1250 3336 ohannis
1266 3269 1318 3334 (161
1339 3270 1442 3335 Rawe

303 3354 381 3437 quia
395 3375 461 3418 non
475 3354 566 3418 misit
587 3375 645 3438 pro
666 3356 876 3421 testatoribus
893 3356 942 3420 ed.
954 3356 1177 3422 —Johannes
1199 3357 1314 3421 Pulter
1328 3361 1362 3421 61
1377 3357 1442 3420 Ro·

302 3441 413 3504 bertus
426 3441 536 3505 Feuks
545 3440 641 3507 electi
655 3449 731 3506 sunt
746 3463 803 3525 pro
817 3443 1026 3508 testatoribus
1041 3444 1184 3508 cervisiae
1199 3450 1232 3508 61
1237 3444 1339 3526 jurati
1352 3447 1442 3508 sunt.

347 3527 680 3593 Necron-Bronton.
725 3529 778 3593 De
799 3529 907 3594 Alioie
928 3530 1047 3594 ancilla
1068 3530 1151 3595 Adae
1165 3530 1206 3595 de
1229 3531 1361 3593 Marton
1382 3549 1442 3612 pro

303 3615 374 3698 lcyr
387 3614 436 3680 od.
480 3615 533 3679 Do
543 3615 666 3680 Thema
680 3616 843 3680 serviente
857 3616 1001 3700 ejusdem
1011 3636 1069 3700 pro
1084 3616 1215 3682 cultello
1226 3635 1285 3680 suo
1296 3621 1443 3680 extracto

304 3701 619 3853 edfferousselgdurss
629 3703 653 3767 J
655 3701 815 3853 ohffiffir
826 3701 944 3852 Smyl⁷3th
955 3702 996 3853 dh
1005 3723 1102 3853 poenll
1114 3703 1192 3855 holt
1198 3724 1238 3768 ex
1248 3701 1355 3853 g'r'aiclia
1369 3707 1384 3764 l
1384 3701 1442 3851 125

381 3804 650 3855 6666166166.
804 3809 859 3853 rus
917 3809 1049 3867 6666,
1102 3809 1161 3854 66
1192 3809 1231 3854 us
1349 3825 1443 3864 ,-

302 3875 416 3940 cardus
438 3875 491 3941 del
512 3877 644 3941 Neuton
661 3874 723 3958 jur.
735 3875 869 3940 —Dies
892 3875 987 3940 datus
1006 3809 1056 3940 6111
1073 3875 1208 3941 Ricardo
1231 3876 1284 3940 del
1305 3808 1441 3939 1166166

302 3961 344 4024 ad
358 3961 531 4042 reponand'
541 3961 704 4045 quandam
717 3966 959 4044 purpresturam
973 3966 1068 4045 prout
1082 3967 1311 4045 praesentatum
1325 3961 1391 4024 fuit
1405 3961 1443 4024 in

303 4045 430 4110 ultimis
452 4046 616 4111 Helmotis
642 4047 671 4111 si
693 4047 840 4112 videatur
860 4048 1003 4112 Domino
1024 4049 1112 4131 quod
1134 4049 1177 4114 sit
1198 4049 1239 4112 ad
1261 4049 1442 4132 dampnum

304 4151 400 4196 suurn
414 4131 476 4196 sub
491 4151 588 4215 poena
602 4133 682 4196 citra
692 4135 781 4217 prox’
793 4135 857 4199 cur?
872 4134 943 4198 lod.
989 4134 1105 4219 [There
1120 4136 1149 4199 is
1163 4155 1183 4199 a
1197 4135 1357 4220 fragment
1373 4134 1409 4198 of
1422 4153 1443 4198 6

304 4216 429 4282 similer
455 4221 550 4300 entry
575 4218 610 4281 in
635 4218 692 4282 the
716 4221 889 4304 preceding
914 4220 976 4285 roll
1002 4221 1038 4286 61
1063 4225 1156 4298 1367,
1176 4221 1252 4300 ΙΙΙ,
1277 4220 1385 4286 which
1410 4221 1441 4285 is

303 4303 428 4388 greatly
449 4303 601 4387 deoeyed‚
623 4303 691 4368 Ric.
715 4305 846 4371 Neuton
868 4307 965 4392 being
986 4327 1006 4372 a
1024 4308 1115 4390 juror
1135 4309 1171 4371 in
1189 4307 1216 4371 it
1231 4307 1442 4391 elso.]-Da

303 4390 448 4456 Waltero
471 4389 641 4474 Bisehopp,
658 4391 717 4469 2(1.,
734 4391 874 4458 Roberto
888 4393 989 4477 Wily,
1006 4394 1065 4472 21,
1080 4393 1216 4459 Ricanlo
1230 4393 1284 4458 del
1298 4395 1442 4470 Neuton,

305 4479 364 4556 ad„
379 4498 437 4562 pro
454 4476 569 4542 averiis
584 4477 652 4542 suis
666 4477 912 4562 depascentibus
927 4480 1070 4564 ceperale
1083 4480 1220 4546 Domini
1241 4481 1280 4546 (16
1294 4480 1443 4566 quolibet

302 4571 341 4630 ut
355 4585 412 4649 per
426 4585 522 4648 super
536 4565 604 4648 cap’
621 4563 670 4630 od.
715 4565 771 4648 [In
783 4565 838 4630 the
852 4565 987 4650 original
1001 4567 1057 4632 the
1072 4567 1136 4634 fine
1151 4567 1186 4632 61
1200 4566 1249 4634 eu
1265 4567 1295 4633 is
1309 4567 1441 4632 written

303 4653 403 4718 above
419 4652 475 4718 the
490 4671 584 4718 name
599 4651 634 4717 of
646 4650 725 4717 each
740 4652 904 4737 offendar]
