3224 5212
14 599 22 628 ·-
149 579 259 638 .1379.
422 589 581 636 uanuorr
603 589 785 637 rmorrnros
807 587 1048 636 nouacurusrs.
1241 577 1301 636 159

31 785 34 793 ·
157 770 182 812 v
193 769 218 812 a
230 788 275 797 —
285 748 337 811 De
352 747 464 811 eadem
479 747 562 827 Agn.
578 767 636 829 pro
658 747 743 811 binae
765 767 883 811 arrurae
904 745 974 833 [sic]
990 746 1133 829 ejusdem
1148 751 1205 811 ter.
1221 767 1302 846 quas

158 835 252 918 oepit
267 835 307 899 de
321 834 410 898 Will
428 833 603 918 Capellano
626 834 783 916 pertinen.
800 835 904 898 Priori
924 835 1036 897 eadem
1051 835 1090 897 de
1106 855 1202 897 causa
1216 833 1264 917 iiij
1278 855 1301 899 s.

27 963 30 970 .
157 923 255 986 Will.
269 922 462 1005 Capellanus
477 943 506 984 v.
523 927 557 984 et
571 941 595 984 c.
612 921 739 1005 herbag.
756 922 844 986 bosci
859 921 900 985 de
911 920 1122 984 Walleshend
1138 942 1157 983 a
1172 921 1253 984 festo
1270 921 1300 985 S.

157 1010 271 1073 Marci
293 1045 306 1056 -
329 1047 342 1058 ·
365 1010 406 1073 ad
427 1014 518 1072 term.
534 1007 579 1090 vij
604 1027 664 1083 an,
680 1009 765 1072 redd.
782 1029 840 1092 pro
856 1008 960 1072 tribus
983 1008 1095 1090 primis
1112 1007 1206 1070 annis
1222 1028 1302 1090 quo-

158 1098 247 1160 libet
262 1116 345 1159 anno
361 1095 452 1178 xxiiij
464 1116 497 1172 a,
509 1102 543 1159 et
557 1115 615 1177 pro
631 1096 678 1178 iiij
694 1117 746 1160 an.
758 1102 901 1178 sequent
919 1097 996 1178 xxvj
1010 1115 1032 1158 s.
1050 1095 1106 1177 viij
1120 1095 1147 1157 d.
1172 1131 1185 1142 ·
1208 1131 1221 1142 ·
1259 1095 1303 1157 Et

159 1184 262 1267 praed
277 1182 367 1247 Will.
383 1183 480 1266 praed.
497 1183 630 1246 boscum
646 1184 841 1246 sustentabit
863 1184 898 1244 in
920 1182 1075 1246 clausuris
1098 1190 1130 1244 et
1153 1181 1302 1245 omnibus

160 1271 239 1334 aliis
254 1276 333 1354 pert.
350 1307 362 1318 -
380 1275 441 1334 -et
463 1270 563 1334 eciam
582 1269 715 1334 habebit
730 1270 837 1354 virgas
859 1289 917 1352 pro
939 1269 1042 1332 thecis
1058 1274 1091 1332 et
1105 1269 1177 1332 aliis
1193 1288 1302 1332 neces-

160 1358 260 1421 sariis
275 1364 308 1420 et
323 1363 402 1439 pert.
418 1377 476 1440 pro
491 1376 606 1420 caruca
621 1377 686 1420 sua.
732 1357 817 1419 Etsi
832 1355 949 1439 aliquis
968 1355 1135 1418 convictus
1150 1355 1248 1418 fuerit
1263 1355 1302 1419 de

160 1455 264 1508 trans.
286 1444 379 1507 facta
402 1443 524 1507 ibidem
547 1443 588 1506 ad
609 1443 844 1526 querimoniam
866 1444 961 1526 praed.
982 1443 1081 1520 Will.,
1097 1443 1192 1526 praed.
1213 1441 1301 1506 Will.

20 1531 35 1608 1
161 1531 299 1596 habebit
313 1531 519 1595 medietatem
535 1530 575 1593 de
590 1531 740 1613 proficuis
756 1537 838 1613 capt.
851 1551 908 1612 pro
925 1530 1044 1593 eodem.
1054 1569 1098 1578 -
1110 1530 1304 1593 Ordinatum

161 1625 216 1682 est
239 1639 281 1682 ex
307 1638 385 1681 corn.
409 1637 541 1681 assensu
564 1617 650 1700 quod
674 1616 813 1700 quilibet
835 1637 945 1680 eorum
968 1623 1078 1680 teneat
1092 1616 1255 1680 hirsillum
1270 1623 1304 1680 et

161 1706 268 1770 eciam
282 1706 319 1768 in
333 1705 420 1768 irath
434 1704 581 1788 ponend.‚
596 1705 656 1767 sub
672 1725 768 1786 poena
782 1704 817 1767 xl
827 1704 856 1767 d.

209 1793 414 1856 HEWORTHS.
460 1792 540 1855 Dies
555 1791 650 1855 datus
666 1798 715 1854 est
730 1789 903 1873 Ranulpho
919 1790 958 1854 de
974 1789 1111 1853 Kitclrin
1127 1791 1194 1852 aad
1207 1790 1305 1862 otiare

162 1879 207 1942 ad
221 1878 404 1961 inquirend.
420 1883 453 1942 et
467 1878 680 1961 praesentand.
697 1879 738 1941 ad
753 1898 842 1960 prox.
860 1899 923 1942 cur.
940 1877 967 1940 si
986 1877 1129 1960 Rogerus
1152 1878 1185 1938 N
1186 1898 1304 1940 eumen

14 2013 20 2024 ,
161 1966 349 2029 verberavit
374 1965 533 2028 famulum
556 1965 686 2028 Thomas
712 1965 844 2028 Leward
868 1966 914 2028 ita
936 1964 1023 2046 quod
1045 1964 1139 2046 praed.
1163 1963 1304 2027 famulus

41 2131 45 2136 Ι
162 2053 331 2136 elongavit
345 2073 379 2116 se
397 2053 437 2116 de
453 2052 587 2116 servicio
603 2053 697 2134 praed.
714 2052 854 2128 Thomae‚
869 2051 897 2114 si
920 2061 991 2127 etc,
1006 2058 1040 2114 et
1055 2051 1096 2112 ad
1111 2071 1183 2133 quse
1198 2050 1303 2133 damp.

15 2152 26 2162 ’
161 2150 235 2216 etc,
251 2140 312 2203 sub
333 2159 430 2223 poena
451 2139 487 2201 xl
499 2139 781 2222 d.-Injunctum
807 2145 857 2203 est
883 2139 1031 2201 omnibus
1057 2144 1121 2201 ten.
1145 2138 1183 2200 de
1205 2137 1305 2200 Over-

161 2227 313 2290 heworth
328 2233 361 2290 et
377 2226 646 2290 Netherheworth
662 2226 748 2309 quod
764 2225 863 2289 arrari
879 2226 999 2287 faciant
1014 2231 1098 2287 totas
1114 2233 1214 2287 terras
1231 2244 1305 2288 suas

161 2314 283 2397 pertin.
306 2313 430 2377 tenuris
453 2334 572 2389 eorum,
588 2315 648 2376 sub
670 2334 766 2396 poena
788 2333 845 2376 xs.
862 2311 1003 2375 solvend.
1027 2312 1246 2374 etc-Pnno.
1263 2328 1306 2374 nn

162 2417 256 2464 Pron.
301 2400 440 2464 Thomas
455 2400 589 2464 Leward
606 2401 733 2463 invenit
748 2400 828 2482 pleg.
846 2400 886 2462 de
904 2419 982 2480 pace
997 2419 1109 2462 versus
1124 2399 1200 2481 ch.
1218 2400 1307 2462 Neu-

162 2509 252 2564 man,
276 2488 353 2570 Rog.
369 2488 508 2552 Tomson
530 2494 563 2551 et
586 2488 659 2551 Joh.
677 2487 825 2569 Godwyn
848 2487 888 2549 de
910 2506 1006 2568 poena
1028 2507 1073 2547 xx
1084 2486 1119 2548 li.
1164 2488 1206 2548 Et
1229 2487 1305 2569 Rog.

162 2577 318 2638 Naaman
340 2575 467 2638 invenit
488 2573 570 2657 pleg.
587 2574 626 2638 de
649 2594 727 2656 pace
749 2594 860 2637 versus
883 2574 1038 2635 'l'homam
1062 2573 1202 2649 Leward
1224 2573 1307 2635 Will

163 2662 219 2726 del
235 2661 383 2737 Kitchin,
398 2667 431 2726 et
446 2663 528 2726 Hen.
545 2660 687 2738 Bulmer,
702 2661 742 2724 de
757 2661 868 2724 cadem
884 2680 988 2742 poena,
1004 2681 1048 2721 xx
1062 2659 1095 2722 li

210 2749 393 2812 HESILDEN.
450 2748 616 2812 Gilbertus
642 2747 684 2810 fil.
711 2747 801 2811 Will.
830 2749 970 2811 Ourrour
996 2747 1117 2829 cepitj
1143 2745 1238 2810 boud.
1266 2767 1307 2809 ex

163 2841 258 2919 parte
274 2834 387 2898 boriali
402 2834 489 2898 villae
504 2836 546 2898 ad
561 2842 650 2898 term.
672 2835 750 2898 vitae
771 2855 847 2909 suae,
863 2834 949 2896 redd.
972 2854 1029 2915 pro
1045 2833 1157 2914 primis
1181 2833 1306 2896 duobus

163 2922 262 2986 annis
276 2922 422 3004 quolibet
444 2942 529 2985 anno
551 2943 641 2998 xxa,
657 2928 689 2985 et
705 2929 815 3003 postea
836 2921 982 3003 quolibet
997 2940 1048 2982 an.
1066 2920 1143 3001 xxvj
1157 2940 1179 2981 s.
1197 2919 1253 3000 viij
1267 2920 1307 2996 d,

164 3016 198 3074 at
211 3030 275 3092 arg.
286 3016 359 3073 terr.
370 3045 385 3056 ·
399 3045 414 3055 -
426 3015 468 3084 et,
480 3009 508 3071 si
519 3009 727 3073 seminaverit
737 3007 797 3070 hoc
808 3028 892 3070 anno
904 3007 1034 3089 aliquod
1046 3027 1155 3069 semen
1167 3006 1307 3081 vernale,

164 3096 272 3160 solvet
295 3116 353 3178 per
378 3116 484 3160 acram
510 3102 606 3179 prout
631 3095 772 3158 valuerit
796 3095 973 3158 secundum
996 3093 1216 3175 jurameutum
1243 3093 1307 3155 fide

165 3184 347 3267 dignorum,
358 3189 391 3246 et
405 3183 528 3266 recepit
538 3184 570 3265 vj
584 3202 628 3246 ac.
642 3189 675 3246 et
690 3182 730 3245 di.
744 3182 889 3244 seminat.
903 3201 976 3244 curn
987 3180 1149 3242 frumento
1161 3180 1307 3242 nondum

165 3270 349 3354 appreciet,
359 3277 392 3333 et
405 3271 428 3352 ij
447 3271 543 3333 boves
555 3289 638 3352 prec.
651 3289 718 3351 cap.
730 3269 776 3349 xij
790 3288 823 3344 a,
835 3267 976 3331 solvend.
990 3267 1031 3330 ad
1043 3267 1166 3330 volunt.
1179 3267 1306 3330 Primis,

166 3395 212 3405 —
224 3357 433 3439 Compertum
449 3363 499 3420 ast
516 3377 574 3440 per
595 3357 710 3439 inquis.
727 3355 813 3438 quod
836 3355 881 3418 Is.
905 3375 977 3437 quae
1000 3354 1063 3416 fuit
1084 3375 1166 3417 uxor
1181 3356 1247 3417 Rie.
1263 3354 1307 3418 fil.

167 3443 267 3509 Walt.
282 3443 409 3507 dimisit
429 3443 504 3526 plus
527 3443 567 3506 de
590 3463 686 3507 arrur.
702 3449 759 3506 ter.
775 3463 842 3505 suae
865 3462 962 3524 quam
984 3442 1111 3504 invenit
1133 3463 1191 3522 per
1207 3442 1237 3523 vj
1262 3461 1308 3504 ac.

168 3551 242 3614 quae
265 3531 400 3594 fuerunt
413 3531 499 3594 binae
521 3551 647 3604 arrurae,
667 3550 748 3612 prec.
769 3527 943 3611 cujuslibet
962 3549 1080 3591 arrurae
1105 3529 1148 3610 xij
1163 3529 1201 3606 d.‚
1222 3530 1308 3591 unde

167 3638 296 3681 summa
326 3618 371 3700 xij
384 3638 408 3681 s.
433 3655 447 3666 -
473 3655 487 3667 -
511 3617 760 3680 Memorandum
786 3615 872 3698 quod
897 3624 1051 3679 arrestata
1075 3628 1124 3678 est
1149 3616 1189 3678 dc
1216 3615 1308 3678 bonis

168 3705 291 3768 relictae
328 3704 394 3768 Ric.
425 3704 468 3768 fil.
495 3703 594 3767 Walt.
632 3724 690 3786 pro
719 3703 742 3784 ij
774 3712 877 3785 quart.
912 3702 952 3765 de
985 3701 1157 3764 evermalts
1191 3702 1308 3765 debitis

167 3791 317 3874 granario
339 3790 491 3855 Dunelm.
504 3791 517 3873 j
534 3790 706 3873 plumbum
728 3811 810 3872 prec.
827 3790 869 3854 di.
885 3789 1033 3870 marcae‚j
1051 3789 1114 3851 olla
1136 3809 1218 3870 prec.
1236 3789 1269 3871 iij
1284 3809 1307 3854 s.

168 3877 288 3955 Piscsr’
320 3877 370 3961 [ic
405 3875 562 3962 oramine]
592 3877 703 3940 Simon
731 3876 859 3940 Jardolf
895 3877 935 3940 de
965 3876 988 3938 J
990 3896 1074 3938 arow
1104 3874 1190 3956 cepit
1225 3875 1307 3938 duas

168 3965 282 4047 piscar.
298 3971 398 4028 vocat.
415 3965 583 4048 Smidyare
599 3973 632 4028 et
647 3964 842 4047 Holmsyare
856 3963 897 4026 dc
912 3963 1056 4045 piscariis
1070 3962 1127 4025 ult.
1144 3963 1178 4022 in
1194 3968 1310 4026 tenura

169 4052 268 4115 Walt.
284 4051 325 4116 dc
341 4050 498 4115 Hesilden
512 4089 524 4099 ·
537 4087 549 4100 ·
563 4051 649 4115 redd.
666 4072 696 4135 p.
714 4071 740 4114 a.
757 4052 803 4134 iiij
820 4070 943 4113 marcas
959 4056 1077 4132 argent.
1121 4049 1165 4112 Et
1187 4050 1215 4113 si
1237 4070 1310 4113 oon-

168 4139 277 4222 tingat
298 4138 386 4221 quod
410 4138 553 4221 aliquem
579 4136 648 4224 [sic]
673 4139 782 4201 venire
805 4137 943 4200 voluerit
968 4137 1064 4220 praed.
1086 4137 1240 4218 piscarias
1263 4139 1309 4200 in·

169 4233 286 4309 tegraS,
300 4226 385 4289 sicut
399 4226 495 4308 praed.
512 4225 609 4289 Walt.
626 4225 716 4308 prius
739 4225 854 4300 tenuit,
870 4224 975 4287 dictus
992 4223 1103 4286 Simon
1119 4225 1180 4286 erit
1195 4225 1308 4302 socius,

170 4313 200 4376 si
215 4313 362 4388 voluerit,
377 4313 413 4375 in
428 4312 580 4395 capcione
594 4313 690 4395 praed.
736 4312 787 4388 Et,
800 4312 827 4374 si
843 4311 953 4373 nullus
968 4311 1102 4385 venerit,
1117 4319 1197 4373 tunc
1213 4311 1307 4393 praed.

171 4399 284 4462 Simon
297 4400 431 4463 hebebit
451 4399 549 4482 praed.
564 4400 587 4482 ij
605 4400 709 4482 piscar
732 4399 881 4482 integras,
896 4397 980 4461 redd.
997 4418 1053 4480 pro
1070 4399 1209 4460 secundo
1224 4418 1309 4461 anno

171 4485 257 4550 sicut
279 4486 423 4550 reddidit
444 4507 502 4568 pro
524 4487 630 4568 primo
645 4507 737 4550 anno.
754 4486 839 4568 Pleg.
856 4485 878 4548 J
881 4485 929 4547 oh.
946 4484 998 4548 del
1014 4485 1151 4566 Fellyng
1171 4492 1204 4547 et
1218 4484 1308 4548 Will.

171 4573 352 4658 Maymond
374 4573 414 4637 de
437 4573 633 4658 Wyvestow.
679 4575 722 4636 Et
737 4572 853 4636 sciend.
870 4572 956 4655 quod
979 4571 1074 4654 praed.
1091 4571 1210 4648 Simon,
1233 4571 1309 4635 Joh.
