3110 5220
299 605 317 662 4
562 610 1170 686 111111111111111111111111111111111.
1191 651 1193 656 .
1340 597 1434 656 1296.

300 770 566 836 2s-Dominus
576 770 598 833 J
601 769 749 846 ohannau,
758 769 897 833 vicarius
906 769 945 832 de
955 768 1105 850 Pitingd’,
1116 788 1174 852 pro
1182 767 1436 850 transgressione

298 859 384 921 facta
409 856 537 920 Thcmae
562 856 733 940 praeposito
760 855 846 940 (md.
873 857 998 940 erased).
1045 854 1137 918 Idem
1166 853 1332 919 lohannes
1358 852 1437 936 quie

300 964 365 1007 non
381 943 527 1026 permisit
550 943 708 1006 Homines
735 942 775 1006 de
795 942 958 1006 Mor'lawe
984 941 1101 1005 morari
1125 940 1162 1004 in
1188 940 1323 1005 ecclesia
1347 939 1435 1023 (lad.

301 1032 414 1104 erased,
429 1029 517 1094 Some
531 1037 599 1092 acic
613 1031 651 1092 ia
665 1027 814 1112 marytre.)

344 1115 589 1201 [nuncupat
633 1115 758 1178 Alanus
780 1114 865 1178 filius
887 1113 1037 1178 Nicholai
1059 1115 1145 1197 cepit
1166 1113 1327 1196 cctagium
1349 1111 1438 1194 quod

302 1203 415 1267 Simon
438 1203 534 1286 Stayf
549 1202 665 1278 tenuit,
688 1201 848 1266 reddendo
872 1200 1052 1284 (antiquam
1075 1201 1199 1264 firmam
1221 1199 1339 1281 erased)
1369 1197 1441 1282 (per

302 1310 425 1353 annum
442 1289 512 1352 md.
524 1288 681 1372 inserted),
693 1294 726 1352 et
741 1288 886 1352 faciendo
901 1287 1035 1351 servicia
1049 1291 1209 1350 consueta.
1223 1322 1265 1333 —
1277 1286 1439 1349 Robertus

305 1377 344 1440 de
361 1375 538 1439 Hessewell
560 1375 646 1458 cepit
667 1375 829 1458 rotagium
844 1373 930 1456 quod
944 1373 1111 1437 Parcarius
1130 1372 1245 1448 tenuit,
1260 1372 1347 1436 redd
1363 1392 1394 1454 p.
1412 1391 1438 1434 a.

308 1462 378 1525 12d.
406 1466 439 1525 et
464 1461 609 1525 faciendo
639 1461 772 1524 servicia
801 1460 1142 1524 consueta-Emma
1170 1459 1282 1523 relicta
1307 1457 1440 1522 Ricardi

306 1548 346 1612 de
370 1547 543 1631 Wardeley
569 1547 654 1631 cepit
679 1548 798 1612 toftum
827 1551 860 1611 et
884 1553 1003 1610 terram
1028 1567 1126 1629 quem
1147 1546 1198 1609 vir
1220 1565 1297 1609 suus
1322 1545 1441 1620 tenuit,

305 1634 392 1698 redd.
407 1655 437 1718 p.
454 1654 480 1697 a.
498 1639 563 1698 20s.
582 1634 640 1710 sd,
661 1640 694 1697 et
716 1639 765 1697 est
786 1633 1020 1697 incrementum
1044 1639 1087 1696 ts.
1106 1631 1154 1696 3d.
1166 1669 1210 1680 -
1221 1632 1385 1695 Henricus
1401 1631 1441 1694 de

308 1721 398 1784 Keth
420 1720 506 1803 oepit
521 1721 584 1783 duc
607 1720 730 1804 cotagia
743 1721 780 1783 in
795 1720 900 1784 North
916 1718 1064 1803 Pitingd’,
1079 1718 1164 1782 redd.
1179 1740 1209 1802 p.
1226 1739 1254 1782 a.
1270 1719 1442 1802 antiquam

306 1808 441 1884 firmam,
456 1807 525 1884 viz,
541 1812 585 1871 4s.
600 1828 629 1890 p.
646 1827 673 1870 a.

350 1894 533 1958 Huwoaufl.
578 1892 822 1957 Consideretum
840 1897 889 1957 est
911 1892 996 1975 quod
1010 1892 1173 1956 Walterus
1187 1891 1274 1954 filius
1291 1889 1442 1972 Hugonis

307 1985 472 2063 recuperet
486 1980 526 2044 de
540 1979 704 2043 Willelmo
720 1980 787 2043 Tcd
805 1985 857 2056 6s.,
873 1985 906 2043 et
920 1979 1017 2042 hebet
1032 1979 1119 2042 diem
1133 1977 1281 2042 solvendi
1294 1976 1442 2060 qualibet

308 2067 360 2131 die
374 2067 546 2130 Dominica
563 2066 611 2129 ld.
627 2086 793 2149 quousque
808 2065 997 2148 persolverit
1012 2065 1115 2129 dictos
1130 2085 1187 2129 sex
1201 2064 1328 2128 solidos.

351 2149 657 2235 111111[11111011].
677 2153 836 2215 Patricius
859 2152 898 2215 de
921 2152 1102 2235 Staneryar'
1117 2172 1174 2236 pro
1188 2150 1352 2214 mercheto
1367 2148 1442 2211 filiae
1551 2146 1552 2151 ’

309 2243 513 2303 suae10s.-
524 2238 621 2320 Hugc
644 2238 684 2302 de
699 2239 838 2321 Wystcn
860 2239 937 2321 quia
957 2239 1077 2322 injuste
1100 2239 1185 2321 cepit
1199 2237 1338 2302 farinam
1357 2235 1443 2300 Oris-

309 2326 407 2389 111111
423 2324 566 2400 (lemeis,
584 2324 633 2387 6d.

353 2411 600 2474 Hnufluwonun.
637 2409 762 2474 Alanus
779 2411 939 2493 Campiun
950 2410 1036 2494 cepit
1050 2411 1210 2495 rotagium
1222 2410 1309 2493 quod
1321 2408 1445 2472 Mauri-

310 2499 379 2562 cius
401 2497 515 2574 tenuit,
538 2496 623 2560 redd.
646 2497 813 2580 antiquam
834 2498 968 2574 firmam,
986 2504 1020 2561 et
1041 2498 1186 2562 faciendo
1209 2497 1345 2561 servicia
1371 2515 1444 2560 oon-

310 2589 408 2649 sueta

354 2671 547 2735 WnRMUTH:
586 2669 680 2733 Terra
708 2669 872 2733 Ad'sonne
902 2670 1047 2752 capiatur
1071 2670 1107 2732 in
1131 2670 1215 2733 man’
1242 2669 1386 2746 Domini,
1414 2671 1446 2732 et

311 2758 334 2822 J
335 2756 477 2821 ohannes
492 2757 578 2820 filius
594 2756 762 2820 Michaelis
778 2757 834 2839 qui
850 2755 970 2820 dictam
984 2762 1101 2820 terram
1116 2756 1219 2820 aravit
1230 2756 1299 2820 sine
1310 2755 1446 2819 licencia

311 2845 347 2907 in
366 2842 592 2919 misericordia,
610 2842 1203 2926 61-Τ1111Μ1ῃό11110111111111
1220 2843 1338 2926 cap’in
1361 2841 1444 2904 man’

311 2931 454 3006 Domini,
469 2935 502 2993 et
513 2929 674 2992 Walterus
690 2928 770 2992 Man
782 2929 838 3012 qui
851 2929 969 2992 dictam
980 2934 1098 2992 terram
1109 2930 1213 3014 aravit
1227 2929 1296 2993 sine
1310 2927 1447 2992 licencia

311 3018 347 3080 in
375 3015 600 3093 misericordia,
633 3016 681 3079 cd.
694 3017 843 3079 -Terra
871 3015 953 3078 Adae
982 3015 1042 3078 filii
1070 3016 1185 3098 Aliciae
1208 3017 1275 3098 cap'
1299 3015 1336 3078 in
1363 3012 1447 3077 men'

311 3104 455 3180 Domini,
475 3109 509 3167 et
523 3102 714 3185 Radulphus
729 3101 816 3165 filius
833 3102 982 3185 Hugonis
998 3102 1055 3185 qui
1070 3102 1189 3166 dictam
1202 3108 1322 3165 terram
1344 3101 1448 3164 aravit

313 3191 382 3253 sine
396 3188 534 3253 licencia
548 3189 584 3251 in
597 3188 821 3269 misericordia,
840 3188 910 3252 iod.
923 3223 966 3233 —
979 3189 1218 3252 lucrementum
1240 3194 1304 3251 los.
1321 3186 1448 3251 Willcl—

313 3295 386 3338 mus
407 3276 494 3338 filius
517 3274 649 3337 Patricii
672 3274 757 3356 cepit
771 3276 891 3337 toftum
914 3280 945 3337 et
967 3280 1085 3339 terram
1110 3295 1208 3358 quam
1229 3275 1338 3338 Adam
1361 3275 1447 3337 filius

314 3361 430 3425 Aliciae
444 3361 559 3435 tenuit,
573 3359 660 3423 redd.
676 3380 707 3442 p.
723 3380 748 3423 a.
768 3365 832 3423 171.
848 3361 907 3437 id,
922 3368 955 3425 et
970 3362 1115 3425 faciendo
1138 3361 1271 3426 servicia
1286 3365 1448 3436 consueta,

315 3454 348 3512 et
363 3446 453 3510 dabit
464 3444 607 3529 quolibet
622 3464 731 3509 mense
752 3496 758 3510 .
781 3496 788 3510 .
812 3496 818 3510 .
840 3447 880 3511 de
893 3447 988 3511 blado
1001 3448 1195 3531 competenti
1209 3448 1251 3511 ad
1265 3447 1450 3511 libertatem

315 3533 462 3617 praedicti
480 3532 562 3595 Adae
577 3538 609 3595 et
625 3552 726 3594 unum
740 3553 884 3616 pannum
898 3534 996 3616 precii
1013 3542 1065 3611 21,
1080 3555 1183 3598 unum
1197 3555 1255 3618 par
1268 3554 1450 3617 pannorum

314 3621 473 3684 lineorum
488 3619 587 3701 precii
604 3617 684 3694 lod,
698 3639 801 3682 unum
815 3640 873 3702 par
887 3641 1042 3684 novorum
1057 3622 1247 3685 sotularium
1262 3626 1295 3684 11
1318 3670 1325 3684 .
1350 3672 1357 3685 .
1381 3671 1387 3684 .

359 3707 550 3770 1111111111.
594 3705 731 3769 Thomas
753 3705 839 3770 fflius
862 3706 1033 3772 Michaelis
1051 3708 1136 3791 cepit
1150 3706 1269 3771 toftum
1285 3712 1318 3771 11
1332 3712 1451 3771 terram

317 3813 415 3876 quam
429 3791 615 3856 Willehrrus
630 3791 716 3855 filius
731 3791 819 3856 Petri
840 3794 955 3870 tenuit,
969 3794 1114 3858 faciendo
1129 3794 1263 3858 servicia
1286 3793 1396 3857 debita
1418 3799 1451 3856 et

317 3883 479 3956 consueta,
503 3883 537 3943 et
566 3877 655 3942 debit
677 3879 819 3943 Domino
846 3880 948 3943 Priori
976 3886 1040 3946 201.
1056 3882 1209 3945 —Terra
1234 3880 1332 3944 Fabri
1357 3883 1452 3963 capta

317 3971 366 4030 est·
380 3965 416 4029 in
430 3967 515 4029 man'
529 3965 670 4029 Domini.

361 4053 570 4116 sacrantur.
615 4053 774 4116 Robertus
796 4051 885 4128 Mol',
899 4052 1083 4116 Willelmus
1105 4054 1253 4128 Etteben,
1268 4050 1453 4116 Alexander

317 4137 404 4201 fflius
416 4138 559 4212 Hemici,
571 4143 604 4201 et
617 4137 784 4202 lohannes
795 4139 869 4214 Ros,
885 4145 917 4202 et
932 4139 1069 4203 Thomas
1084 4139 1170 4202 filius
1184 4138 1359 4222 Radulphi,
1375 4139 1452 4222 quia

318 4224 558 4288 seminaverunt
579 4230 697 4287 terram
720 4224 888 4288 Laurencii
913 4225 974 4288 filii
995 4226 1128 4290 Patricii
1154 4225 1223 4290 sine
1248 4225 1394 4302 licencia,
1420 4230 1452 4288 et

317 4310 451 4374 bladum
480 4329 623 4374 crescens
653 4330 748 4392 super
778 4310 898 4375 dictam
926 4317 1044 4375 terram
1072 4316 1284 4396 asportarunt,
1313 4311 1388 4376 ideo
1416 4311 1453 4373 in

319 4396 543 4472 misericordia,
560 4403 603 4460 21.
622 4396 670 4459 6d.
682 4397 868 4462 -Heriet'.
914 4399 1052 4463 Thomas
1074 4399 1160 4463 filius
1183 4397 1350 4481 Radulphi
1368 4397 1455 4481 cepit

318 4483 514 4567 bondegium
534 4482 620 4565 quod
640 4487 731 4565 pater
752 4503 830 4548 suus
850 4485 965 4561 tenuit,
987 4485 1073 4550 redd.
1090 4493 1123 4550 et
1144 4485 1202 4548 fao.
1219 4485 1356 4549 servicia
1378 4505 1453 4548 con-

318 4577 418 4647 sueta,
434 4575 467 4634 et
482 4569 571 4633 dabit
592 4569 733 4633 Domino
749 4570 850 4633 Priori
875 4576 949 4648 60s,
964 4570 1116 4636 solvendo
1132 4571 1172 4636 ad
1187 4571 1454 4635 Purificacionem

313 4657 493 4739 Jmarcam,
516 4657 557 4721 ad
578 4657 697 4721 festum
720 4657 754 4721 B.
771 4657 860 4720 Petri
883 4658 924 4720 ed
938 4657 1077 4722 Vincula
1088 4659 1102 4742 j
1119 4679 1267 4735 marcam,
1290 4663 1324 4722 11
1345 4664 1454 4724 totum
