3224 5212
162 571 252 635 1379.
422 585 580 634 nannoni
596 584 1034 634 rnronxrosoornnnnusrs.
1233 574 1294 632 155

159 741 333 808 sufficienti
354 749 443 807 statu
464 742 615 808 dimittet.
662 743 705 807 Et
727 743 844 808 soiend.
868 742 954 826 quod
977 748 1162 806 executores
1185 741 1295 806 Thom.

159 830 202 894 fil.
218 829 307 894 Will.
323 830 450 894 solvent
472 831 552 894 firm.
568 837 659 896 term
679 831 775 894 Mart.
791 847 853 895 Ab.
868 837 928 895 etc.
951 829 1086 912 lxxviij.‚
1101 835 1135 893 et
1156 849 1194 894 eo
1208 830 1295 912 quod

158 917 241 981 obiit
255 917 346 1000 prius
361 917 433 982 fest:
445 918 519 982 Pur.
535 917 603 982 eod.
619 937 704 982 anno
719 923 753 982 et
767 926 831 982 ten.
847 917 935 981 villae
957 916 1084 981 solvent
1106 916 1186 980 firm.
1202 922 1294 980 term.

157 1005 250 1069 Pent.
263 1025 300 1068 eo
315 1003 402 1087 quod
413 1004 478 1068 fuit
491 1004 528 1068 in
543 1025 642 1069 manu
657 1004 894 1071 eorum-Joh.
907 1003 948 1068 de
959 1003 1098 1086 Berwylr
1109 1003 1196 1087 cepit
1207 1003 1220 1086 j
1234 1012 1294 1067 cot.

156 1092 192 1174 iij
207 1113 233 1156 a.
250 1097 307 1156 ter.
330 1091 387 1175 etj
405 1091 542 1155 salinam
557 1129 568 1140 ·
583 1127 597 1140 -
612 1091 696 1156 Hab.
713 1091 755 1156 ad
769 1097 859 1156 term.
876 1092 952 1156 vitae
970 1110 1045 1166 suae,
1060 1088 1146 1154 redd.
1161 1096 1295 1173 procot.

156 1187 191 1243 et
205 1185 264 1243 ter.
279 1199 309 1262 p.
325 1199 352 1243 a.
370 1199 393 1242 v
407 1199 431 1242 s.
447 1186 480 1243 et
494 1199 552 1262 pro
570 1177 698 1262 salinaj
715 1185 819 1263 quart.
835 1178 912 1243 salis
936 1178 1027 1261 [weit
1040 1176 1169 1240 similar
1190 1177 1297 1242 cormi-

156 1266 241 1330 tione
248 1269 306 1348 sor
319 1267 453 1350 cepada]

201 1354 319 1416 Adhuc
342 1353 576 1418 anruenxro.
633 1351 829 1416 Ordinatum
844 1357 950 1416 estex
972 1349 1137 1415 communi
1152 1370 1296 1427 assensu,

156 1440 245 1524 quod
261 1439 372 1504 nullus
386 1447 530 1524 tempore
552 1439 721 1504 messionis
743 1439 862 1504 babeat
884 1458 941 1522 per
963 1439 1049 1502 diem
1071 1437 1135 1502 nisi
1146 1437 1159 1522 j
1177 1458 1297 1521 equum

156 1528 243 1590 infra
259 1527 352 1604 bled,
363 1547 420 1610 pro
436 1529 507 1591 cibo
522 1547 580 1592 suo
591 1527 756 1610 portando,
769 1534 803 1591 et
817 1526 902 1610 quod
917 1525 959 1589 ad
973 1531 1101 1590 noctem
1117 1531 1298 1589 ammoveat

156 1614 255 1697 praed.
279 1635 398 1697 equum
421 1614 461 1678 de
483 1614 566 1678 bled.
584 1615 644 1678 sub
667 1635 762 1697 poena
776 1613 812 1677 xl
821 1613 861 1690 d.‚
875 1619 909 1677 et
924 1612 1075 1676 similiter
1085 1611 1172 1695 quod
1186 1612 1297 1676 nullus

157 1707 303 1784 asportet
324 1701 407 1765 blad.
424 1701 556 1766 alterius
580 1702 641 1765 sub
663 1701 776 1766 eadem
797 1721 901 1785 poena.
946 1699 1083 1784 [Hogge
1108 1698 1297 1782 Sehephird,

158 1789 311 1872 Sparowe
326 1810 413 1852 occur
429 1809 464 1852 as
477 1788 661 1871 carcaram]

200 1875 323 1939 Aonnr.
370 1875 563 1939 Ordinatum
578 1882 627 1939 est
643 1895 683 1938 ex
699 1875 863 1938 communi
884 1893 1017 1938 assensu
1032 1877 1100 1935 tam
1122 1871 1298 1935 liberorum

157 1983 258 2046 quam
280 1967 344 2026 ten.
369 1962 451 2026 dom.
476 1963 595 2027 Prioris
618 1962 704 2045 quod
720 1960 808 2025 Will
832 1964 944 2037 Pouer,
960 1959 1126 2023 Gilbertus
1148 1958 1297 2034 Randolf,

157 2050 236 2132 Rog.
254 2049 360 2125 Losse,
371 2050 394 2113 J
395 2048 445 2114 oh.
461 2049 644 2126 Redworth,
660 2048 750 2112 Will.
767 2048 894 2123 Colson,
906 2053 938 2111 et
953 2046 1091 2110 Thomas
1107 2045 1298 2128 Parkynson

158 2136 199 2199 ad
209 2136 376 2200 ordinand.
388 2143 420 2200 et
429 2137 565 2220 ponend.
576 2137 661 2200 freth
674 2136 723 2220 [or
735 2135 837 2218 frech]
849 2142 882 2198 et
892 2133 1000 2197 omnia
1009 2132 1192 2216 pertpraed.
1202 2132 1299 2208 villae,

158 2223 219 2286 sub
243 2244 339 2305 poena
362 2223 403 2286 di.
419 2224 751 2305 mare—Injunotum
774 2229 823 2286 est
845 2221 935 2284 Will.
952 2221 992 2284 de
1014 2220 1129 2283 Bolom
1151 2227 1185 2283 et
1206 2219 1296 2283 Will.

157 2311 228 2374 Yut
243 2310 330 2460 qippd
342 2312 482 2394 reparari
496 2311 617 2374 faciant
631 2330 834 2374 communem
845 2308 976 2384 fuldam,
987 2327 1045 2390 pro
1057 2312 1148 2389 parte
1160 2326 1227 2382 sua,
1238 2307 1299 2370 sub

157 2418 254 2481 poena
312 2397 343 2461 d.

202 2485 353 2548 Bornos.
397 2483 477 2548 Dies
499 2483 595 2547 datus
620 2489 670 2547 est
691 2483 754 2565 jur.
781 2481 868 2566 quod
889 2480 1056 2565 inquirant
1078 2480 1158 2544 citra
1180 2480 1300 2544 festum

159 2571 189 2635 S.
205 2571 308 2635 Mioh.
325 2571 365 2634 de
379 2577 435 2635 ter.
453 2571 593 2636 Gallridi
608 2570 647 2634 de
664 2569 809 2634 Kellowe
832 2570 860 2633 si
883 2569 961 2633 Rob.
974 2568 1071 2631 Dinis
1087 2567 1173 2650 cepit
1187 2566 1227 2630 de
1243 2572 1299 2629 ter.

160 2658 245 2722 Gall.
263 2658 362 2741 praed.
380 2658 485 2722 iniat
505 2679 551 2721 xx
573 2658 645 2741 ped.
661 2657 747 2739 long.
763 2677 817 2720 cce
831 2656 906 2739 ped.
919 2663 952 2719 et
970 2654 1140 2737 occupavit
1161 2673 1219 2735 per
1240 2653 1297 2735 xiij

160 2766 261 2809 annos
273 2746 399 2829 elapsos
414 2745 454 2809 ad
470 2745 576 2827 damp.
592 2744 694 2827 ipsius
710 2743 793 2807 Gall.
810 2765 854 2806 xx
865 2743 967 2821 s„sub
982 2762 1077 2824 poena
1092 2740 1134 2803 di.
1149 2759 1254 2814 mare,
1266 2745 1300 2802 et

160 2833 263 2896 eciam
279 2833 308 2896 si
324 2831 409 2897 Gali.
426 2833 521 2915 praed.
538 2831 699 2896 destruxit
715 2831 840 2913 herbag.
850 2851 907 2913 per
922 2850 981 2912 eq„
997 2827 1060 2912 [in]
1073 2828 1086 2910 j
1103 2826 1183 2909 plac.
1196 2832 1297 2889 vocat.

161 2919 593 3002 Oringelker.-Iujunetum
609 2917 758 2982 omnibus
773 2922 836 2982 ten.
852 2916 939 2980 villae
955 2915 1041 2998 quod
1063 2914 1173 2977 nullus
1189 2933 1298 2977 eorum

160 3007 331 3071 succidant
344 3007 392 3070 les
407 3006 519 3070 balkes
535 3013 609 3069 ante
625 3005 694 3069 fest.
712 3005 741 3068 S.
759 3003 859 3067 Mioh.
876 3004 936 3067 sub
950 3023 1046 3085 poena
1062 3001 1096 3063 xl
1106 3001 1134 3063 d.

203 3093 689 3156 WxnnnsuuuD.—Ordinatum
704 3097 753 3155 est
769 3112 809 3154 ex
825 3111 903 3154 com.
918 3109 1052 3154 assensu
1063 3087 1149 3170 quod
1161 3086 1299 3170 quilibet

160 3200 271 3243 eorum
294 3180 415 3243 faciant
437 3180 572 3244 clausor.
595 3179 720 3262 gardin.
744 3178 976 3241 dominicorum
996 3175 1117 3238 ibidem
1132 3174 1212 3237 citra
1227 3175 1297 3236 lest.

161 3267 191 3330 S.
206 3267 308 3331 Mioh.
324 3287 414 3349 prox.
429 3267 490 3332 fut.
507 3268 567 3330 sub
582 3286 678 3348 poena
693 3265 737 3348 xij
749 3265 961 3328 d.-Thomas
977 3261 1167 3326 Benetlecit
1178 3281 1300 3324 rescus-

161 3374 234 3416 sum
244 3354 467 3437 inpignorand.
479 3353 558 3418 best.
570 3354 689 3416 ibidem
700 3390 744 3400 —
752 3351 841 3414 Will.
856 3351 998 3415 Clericus
1014 3350 1053 3413 de
1065 3348 1250 3431 Tynmouth
1267 3351 1300 3411 ct

162 3441 342 3504 eommunis
358 3446 492 3505 venator
506 3442 592 3522 oepit
606 3440 729 3522 lepores
743 3438 872 3501 ibidem.
920 3437 1027 3521 [Other
1034 3437 1117 3519 fiaes
1123 3435 1235 3517 follow
1243 3436 1300 3517 scr·

161 3527 290 3590 similar
314 3529 436 3611 offences
463 3527 614 3608 confessed
639 3527 677 3588 ia
705 3524 1056 3608 Ooort.]-Injunctum
1080 3529 1129 3586 est
1151 3522 1301 3585 omnibus

161 3621 225 3678 ten.
241 3614 331 3677 villae
346 3635 386 3678 ex
397 3634 463 3678 una
477 3621 569 3697 parte
584 3621 617 3678 et
632 3612 720 3676 Will.
734 3611 907 3694 Capeliano
924 3611 1009 3694 quod
1025 3609 1135 3673 nullus
1151 3609 1300 3673 dedicent

162 3702 200 3765 al
216 3702 251 3764 in
276 3702 383 3765 verbis
404 3701 465 3765 vel.
488 3701 582 3764 factis
605 3699 644 3763 de
667 3705 771 3763 cetero
794 3699 854 3761 sub
874 3718 970 3781 poena
993 3697 1026 3759 di
1046 3716 1140 3760 marc.
1157 3694 1298 3760 solvend.

162 3789 458 3871 ete—Injunetum
474 3795 523 3852 est
545 3787 694 3851 omnibus
716 3792 782 3849 ten.
798 3784 885 3848 villae
908 3783 995 3867 quod
1016 3780 1157 3865 reparari
1179 3781 1300 3844 faciant

163 3896 368 3939 communem
382 3876 503 3939 faidam
519 3875 599 3938 citra
613 3894 701 3956 prox.
718 3894 781 3936 cur.
799 3872 859 3936 sub
874 3891 969 3955 poena
984 3869 1019 3932 xl
1029 3870 1057 3932 d.
1074 3866 1215 3931 solvend.
1231 3872 1301 3942 etc,

163 3969 195 4026 et
219 3963 322 4027 eciam
346 3963 432 4046 quod
456 3983 522 4025 non
545 3967 644 4045 ponat
663 3957 734 4046 [eie]
750 3978 935 4023 communes
951 3958 1028 4020 best.
1045 3956 1131 4018 villae
1153 3954 1189 4017 in
1204 3954 1300 4036 praed.

163 4049 250 4113 faida
277 4050 338 4112 sub
364 4069 459 4132 poena
484 4049 525 4112 di.
539 4069 634 4112 maro.
679 4047 752 4111 Joh.
775 4046 814 4110 de
840 4046 947 4109 Jarow
975 4042 1066 4129 [otto
1087 4063 1172 4106 seven
1194 4041 1302 4116 others,

163 4157 278 4218 amoop
292 4137 374 4199 them
389 4136 530 4199 Richard
545 4131 652 4218 Tubb]
671 4139 825 4216 ceperunt
841 4131 1017 4195 dominicas
1039 4137 1096 4193 ter.
1113 4130 1153 4193 de
1167 4129 1303 4192 Walles-

163 4223 250 4287 hend
266 4243 340 4287 oum
357 4223 505 4306 operibus
525 4229 604 4305 pert.
620 4221 717 4304 praed,
733 4220 921 4298 dominicis;
943 4219 1015 4282 hab.
1031 4217 1072 4281 ad
1088 4225 1178 4280 term.
1194 4217 1237 4280 ix.
1253 4236 1302 4278 an.

163 4310 248 4374 redd.
266 4310 331 4373 xli.
346 4311 401 4392 xvj
413 4330 435 4372 s.
453 4309 550 4392 viijd
565 4346 578 4356 -
594 4345 609 4354 -
624 4315 657 4372 et
672 4307 767 4390 praed.
785 4306 866 4369 dom.
884 4305 945 4390 [et]
961 4311 1017 4368 ter.
1033 4305 1069 4367 iu
1084 4305 1148 4368 fine
1162 4309 1253 4367 term.
1269 4303 1303 4364 in

164 4397 332 4460 sufficient.
345 4403 434 4460 statu
449 4394 740 4460 dimittent-doh.
754 4394 793 4456 de
808 4393 959 4456 Dunelm.
970 4393 1069 4455 habet
1079 4392 1189 4455 licenc.
1202 4390 1305 4453 taber-

164 4485 263 4548 nandi
274 4486 287 4566 j
302 4490 363 4547 cot.
379 4489 412 4547 et
425 4483 473 4566 iiij
485 4503 511 4546 a.
527 4489 582 4547 ter.
599 4482 658 4545 uni
673 4480 846 4544 sufficienti
861 4479 994 4543 tenenti.
1006 4479 1081 4542 Joh.
1097 4479 1136 4541 de
1150 4475 1304 4540 Dunelm.

162 4571 254 4635 venit
269 4578 380 4655 postea
403 4578 436 4634 et
450 4590 577 4633 sursum
592 4568 735 4632 reddidit
749 4567 847 4650 praed.
859 4572 918 4630 cot.
935 4571 968 4629 et
990 4567 1038 4648 iiij
1051 4586 1077 4629 a.
1093 4571 1149 4628 ter.
1165 4563 1305 4627 Roberto
