3278 5204
198 598 394 662 1367-1368.
473 609 633 660 ssuuom
646 609 828 660 smossrus
842 609 1082 662 noummmsrs.
1295 601 1336 662 ot

195 768 315 852 quibus
339 768 542 834 satisfactum
556 773 607 833 est
619 767 773 852 praedicto
792 767 938 834 Johanni
958 787 1017 852 per
1037 768 1179 834 Alioiam
1201 790 1334 836 uxorem

195 856 344 938 praedicti
358 855 516 939 Hugonis.

237 941 432 1026 [Following
447 940 640 1025 Surum]
683 941 735 1006 Ds
754 940 905 1006 omnibus
925 941 1113 1008 tenentibus
1134 942 1230 1008 istius
1244 943 1332 1008 villae

193 1030 270 1111 quia
284 1049 353 1092 non
366 1033 596 1112 reparaverunt
609 1047 666 1110 pro
687 1032 813 1111 partem
834 1047 927 1092 suam
948 1027 1057 1112 forgiae
1079 1029 1149 1113 [sio]
1171 1035 1267 1113 prout
1280 1030 1332 1094 in-

189 1115 345 1197 junctum
365 1115 430 1180 fuit
451 1116 499 1182 sis
520 1114 556 1178 in
570 1113 696 1178 ultimis
710 1113 883 1192 Halmotis‚
905 1113 945 1178 ds
966 1135 1064 1198 poena
1079 1122 1146 1180 40s.
1163 1136 1204 1180 cx
1223 1117 1332 1201 gracia

192 1201 256 1265 ista
269 1201 431 1268 vice12d
474 1203 518 1266 Et
532 1201 717 1284 injunctum
739 1207 788 1266 ast
803 1199 1059 1286 [eto.]-[Ssmc
1073 1201 1167 1286 vfflJ.
1190 1251 1198 1268 .
1221 1204 1331 1268 ,facta

192 1287 275 1352 Adss
297 1287 437 1352 Diotson
451 1309 519 1352 non
539 1308 668 1352 srusum
689 1287 775 1353 redd
790 1288 848 1370 viij
865 1307 953 1352 acras
975 1287 1016 1352 sd
1030 1309 1111 1372 opus
1125 1289 1228 1373 ipsius
1248 1290 1330 1354 Adae

193 1374 374 1526 {that
388 1375 598 1544 Pthiis
610 1375 1192 1548 dspfflltifflltlsh
1205 1376 1330 1528 sitsi

193 1547 345 1612 scaccarii
358 1547 394 1611 in
409 1547 512 1613 officio
527 1568 585 1612 suo
600 1547 747 1612 faciendo
761 1551 878 1630 prout.
902 1596 909 1612 .
932 1596 940 1613 .
958 1549 1028 1612 lsd
1074 1549 1165 1634 [This
1179 1550 1239 1614 vill
1253 1571 1329 1614 oon-

193 1634 337 1699 tributod
351 1639 386 1698 to
401 1635 457 1698 tho
476 1634 564 1718 forge
579 1635 615 1698 of
626 1635 833 1718 Wyuostowa
848 1633 913 1698 and
927 1633 984 1699 tha
998 1634 1074 1700 dam
1089 1637 1126 1700 of
1136 1636 1193 1701 the
1208 1637 1281 1700 mill
1295 1637 1332 1700 of

194 1719 268 1783 that
296 1719 639 1805 placs.]-[Another
666 1720 739 1805 vill]
766 1720 993 1786 ...atarinae
1020 1723 1115 1786 uxori
1143 1724 1213 1806 ojus
1241 1723 1329 1806 quod

192 1807 334 1888 reparari
357 1807 479 1872 faciant
503 1811 688 1872 tenemento
713 1827 772 1872 sua
797 1811 955 1890 prostrata
979 1807 1016 1870 iu
1040 1812 1156 1874 tenura
1176 1828 1237 1874 sua
1257 1856 1264 1873 .
1288 1857 1295 1874 .
1319 1857 1327 1874 .

194 1892 366 1958 Michaelis
382 1894 442 1958 sub
456 1914 552 1976 poena
565 1893 768 1958 admissionis
781 1893 929 1976 praedicti
941 1893 1016 1958 ten'.

236 1979 525 2046 Wusr-Rarurcu.
569 1979 707 2044 Thomas
722 1979 762 2044 ds
785 1979 867 2045 Oold
889 2029 896 2044 .
919 2027 926 2044 .
949 2027 957 2044 .
980 1979 1118 2045 succidit
1138 1980 1175 2044 ix
1196 1981 1329 2065 alspcris

193 2065 280 2148 apud
292 2066 467 2150 Holynsyd
477 2066 574 2150 juxta
587 2086 720 2150 parcum
734 2072 830 2149 prout
837 2071 1048 2149 praesentatus
1057 2068 1331 2151 estperforestar’.

237 2153 461 2218 Monnsmwn
499 2154 688 2237 Injunctum
696 2157 746 2218 sst
752 2153 814 2236 jur'
829 2173 911 2236 quos
920 2153 1329 2235 praemuniantJohannem

193 2237 248 2302 del
261 2239 337 2303 Joel
351 2239 438 2322 quod
451 2240 610 2322 reponatj
626 2245 866 2322 purprestursm
880 2240 999 2303 factam
1013 2240 1100 2323 apud
1119 2240 1151 2305 la
1166 2241 1329 2326 Oartgayt.

238 2325 324 2408 [Ona
338 2325 375 2390 of
392 2326 449 2390 tho
472 2325 682 2410 Meringtcns,
696 2325 861 2410 following
875 2325 1052 2410 “Mmu’.”]
1095 2327 1176 2392 Dies
1191 2329 1256 2393 dst'
1266 2329 1329 2412 jur'

191 2411 290 2476 istius
304 2411 373 2475 vill'
388 2416 421 2476 et
434 2411 522 2476 villa
537 2411 577 2477 da
592 2413 772 2477 Mmucrorr
786 2411 874 2495 quod
887 2412 1055 2496 inquirant
1069 2413 1108 2477 da
1122 2422 1330 2498 purprestura

192 2498 279 2562 facta
294 2498 380 2581 apud
395 2498 678 2582 Braunspathway.

238 2585 366 2668 [Fusa]
421 2585 612 2669 Injunctum
637 2591 686 2650 est
716 2584 866 2649 omnibus
891 2584 961 2648 vill'
989 2590 1103 2668 prseter
1125 2587 1328 2652 Willslmum

192 2670 299 2734 filium
325 2672 473 2755 Hugonis
495 2672 581 2755 quod
602 2671 736 2736 videant
757 2677 875 2736 terram
895 2671 1026 2736 Thomas
1047 2671 1088 2737 ds
1109 2673 1328 2758 Wodyngfeld

192 2761 226 2821 et
240 2764 360 2822 terram
373 2758 533 2822 Willelmi
546 2757 607 2822 filii
620 2758 769 2842 Hugonis
791 2755 821 2839 [“
835 2805 843 2822 .
865 2806 873 2823 .
896 2807 903 2822 .
926 2758 1036 2841 ngfeld
1046 2759 1062 2784 ”
1077 2759 1143 2822 aad
1153 2760 1267 2824 “will
1282 2761 1327 2826 fil.

193 2843 301 2928 Hug.”
315 2865 392 2908 were
406 2865 446 2908 oa
460 2846 509 2908 the
522 2845 621 2930 ἅπτῃ]
635 2864 708 2928 quas
722 2844 855 2908 fucnmt
869 2843 905 2907 in
918 2849 1033 2909 tenura
1047 2845 1207 2910 Willclmi
1217 2846 1328 2930 Logdy

192 2950 267 3013 quse
281 2936 360 2994 sunt
378 2930 401 3014 ij
424 2931 591 3014 bondagia,
603 2931 652 2994 ita
666 2930 752 3014 quod
766 2930 904 3013 quilibet
917 2950 1027 2994 eorum
1048 2931 1165 2995 habeat
1179 2932 1265 3014 quod
1287 2932 1328 2996 ad

192 3036 287 3080 susm
308 3023 433 3100 partem
453 3018 594 3100 pertinet
608 3023 641 3081 et
655 3017 684 3080 si
705 3016 766 3080 hoc
787 3016 857 3081 fieri
877 3037 943 3080 non
956 3016 1059 3098 possit
1080 3018 1329 3101 propterignor-

192 3104 322 3168 anciam
336 3103 422 3187 quod
435 3104 558 3168 faciant
572 3103 728 3187 equaliter
746 3102 924 3186 porcionari
937 3101 1089 3186 praedicta
1109 3103 1275 3188 bondagia
1284 3143 1328 3152 —

192 3238 201 3254 .
224 3239 231 3253 .
257 3237 264 3254 .
287 3190 374 3273 quod
388 3189 498 3254 nullus
513 3209 622 3271 eorum
643 3189 768 3253 intrant
790 3189 859 3273 [cic]
881 3209 1013 3272 parcum
1028 3188 1067 3252 do
1081 3189 1247 3274 Teryclyff
1261 3192 1331 3257 sinc

190 3275 335 3342 licencia
346 3315 411 3342 -.
428 3326 435 3341 .
450 3325 458 3342 .
474 3296 677 3341 communem
690 3276 823 3338 furnum
838 3276 878 3340 ds
891 3277 992 3360 Fery:
1006 3275 1142 3340 habend'
1154 3282 1187 3340 st
1200 3280 1328 3343 tenend’

192 3363 235 3426 ad
249 3367 341 3428 term
356 3384 401 3428 xv
416 3383 589 3427 annorum:
610 3361 697 3427 redd.
712 3380 742 3445 p.
758 3381 785 3426 a
803 3366 867 3426 16s
883 3410 891 3427 .
906 3409 914 3428 .
930 3410 938 3427 .
953 3362 1124 3428 annoDni.
1141 3369 1199 3430 etc.
1211 3365 1329 3449 lxviij0.
1396 3439 1399 3444 ¹

240 3540 335 3612 1368,
356 3535 556 3600 I.-Primus
578 3540 693 3599 turnus
708 3532 817 3598 Halm'
831 3533 990 3618 incipiens
1011 3535 1097 3618 apud
1123 3536 1332 3621 Billyngham

192 3621 247 3686 dia
262 3621 379 3686 Martis
395 3621 432 3704 [J
432 3642 497 3686 unc
513 3621 569 3705 27]
584 3641 673 3705 prox.
689 3625 765 3684 ants
780 3621 900 3684 festum
913 3620 1138 3688 translacionis
1154 3623 1184 3687 S.
1200 3625 1330 3688 Thomas

192 3728 280 3772 anno
311 3709 447 3772 Domini
476 3708 654 3775 Millesimo
686 3707 939 3772 Thescentesimo
973 3707 1176 3792 sexagesimo
1207 3709 1329 3774 Octavo

193 3815 304 3859 coram
323 3795 464 3859 dominis
486 3793 624 3860 Ricardo
640 3792 682 3858 de
702 3793 847 3877 Birteley
861 3793 1001 3870 terrario,
1025 3794 1177 3859 «Iohanne
1192 3794 1232 3858 de
1254 3795 1331 3860 Ber-

193 3881 352 3964 ryngdon'
366 3881 523 3958 bursario,
538 3886 571 3946 et
586 3880 708 3944 Thoma
723 3880 858 3964 Surtays
873 3879 1057 3945 senescallo.

239 3968 473 4034 Burmannus.
517 3968 708 4050 Injunotum
722 3971 772 4031 est
782 3966 933 4044 omnibus
947 3965 1124 4031 husbandis
1135 3966 1334 4034 sarientibus

194 4053 282 4118 blad’
297 4054 384 4137 quod
397 4055 521 4119 faciant
542 4053 656 4136 cariag'
672 4073 747 4138 cum
767 4052 869 4118 saccis
891 4053 978 4118 sanis
994 4058 1027 4118 et
1040 4074 1107 4117 non
1120 4053 1278 4121 laceratis.
1290 4095 1334 4106 -

195 4142 390 4224 Injunctum
405 4147 455 4205 est
470 4140 620 4204 omnibus
635 4138 823 4204 tenentibus
838 4139 924 4203 villae
940 4140 1054 4222 nequis
1076 4161 1186 4206 eorum
1204 4144 1337 4226 permit-

195 4232 270 4292 tant
281 4227 353 4311 [sc'o]
367 4227 490 4292 vitulos
505 4229 593 4292 exire
607 4225 721 4291 villam
735 4225 807 4289 sina
822 4225 970 4290 custodia
984 4225 1026 4290 ad
1040 4227 1228 4310 depascend’
1243 4230 1336 4296 blad’.

194 4352 239 4362 -
248 4314 441 4398 injunctum
451 4319 500 4379 est
507 4313 569 4397 jur’
582 4311 670 4396 quod
680 4312 848 4395 inquirant
859 4312 888 4376 si
899 4312 1018 4396 aliquis
1029 4319 1274 4380 cotmannorum
1284 4316 1338 4380 vel

194 4399 441 4465 husbandorum
463 4399 740 4483 superoncraverit
755 4404 921 4481 pasturam
942 4399 1029 4464 ultra
1045 4401 1081 4465 id
1103 4401 1190 4485 quod
1207 4401 1247 4465 de
1265 4403 1338 4484 jure

193 4487 337 4552 debeant
366 4492 399 4552 st
427 4491 627 4570 praesentent
656 4486 698 4550 ad
726 4485 825 4568 prox’.
840 4523 883 4534 -
896 4485 1087 4570 Injunotum
1113 4493 1163 4553 est
1188 4487 1337 4551 omnibus

193 4573 384 4640 tenentibus
395 4572 584 4660 villaequod
595 4571 711 4655 nequis
723 4592 832 4637 eorum
845 4572 984 4638 succidit
996 4574 1066 4657 [sic]
1076 4574 1124 4640 les
1135 4573 1248 4638 balkes
1260 4573 1340 4638 citra
