3276 5210
309 588 350 648 30
561 599 718 649 HALMOTA
732 601 914 649 PRIOBATUS
929 601 1170 649 DUNELMENSIS.
1350 590 1444 648 1364.

310 756 560 840 Fischepolfiatt‚
581 763 615 821 et
636 778 734 822 unam
756 759 881 841 peciam
902 764 993 822 terrae
1016 777 1088 842 quae
1101 764 1234 821 vocatur
1249 758 1445 834 Doucotflat‚

307 864 382 908 cum
407 863 496 908 mora
518 844 699 926 pertinente
717 844 759 908 ad
778 845 956 910 manerium
974 845 1014 910 de
1037 844 1151 908 Beulw
1165 850 1261 928 prout
1278 845 1365 927 jacet
1386 865 1445 927 per

308 931 430 995 divisas
459 931 611 1013 antiquas
646 930 700 1015 [no
729 931 914 996 habendum
943 952 978 994 or
1007 938 1085 995 term
1114 931 1318 1014 mawaedh
1356 930 1444 995 redd.

309 1038 367 1101 pro
381 1037 453 1082 acra
471 1017 539 1081 lod
600 1017 697 1082 Salva
711 1018 813 1082 Priori
827 1023 860 1082 et
875 1018 1024 1082 omnibus
1046 1018 1162 1082 averiis
1184 1017 1252 1081 suis
1276 1019 1446 1100 i'ugacione

309 1109 343 1168 et
356 1103 559 1188 refugacione
579 1124 638 1186 per
658 1125 781 1168 moram
795 1104 983 1187 praedictam
996 1104 1190 1169 traccionem
1206 1104 1387 1168 faciendam
1401 1104 1445 1168 ad

309 1195 456 1275 pasturas
471 1197 649 1267 consuetas,
663 1196 696 1256 et
711 1190 790 1255 dant
804 1191 845 1255 sd
859 1191 991 1274 gres'ma
1008 1196 1073 1254 40s.

353 1277 474 1342 hecar.
519 1276 712 1342 Ordinatum
729 1283 832 1342 estex
848 1278 1011 1342 communi
1029 1296 1161 1341 assensu
1175 1276 1262 1359 quod
1277 1277 1446 1360 quociens-

311 1384 439 1446 cunque
471 1363 641 1446 contigerit
673 1363 814 1447 aliquem
846 1384 905 1447 pro
935 1365 1123 1447 suspecione
1152 1363 1206 1427 vel
1235 1363 1343 1447 aliquo
1380 1363 1446 1428 alio

310 1450 406 1514 modo
436 1449 508 1532 capi
533 1455 567 1513 et
592 1450 796 1533 imprisonari
820 1450 873 1514 vel
898 1450 1000 1513 alium
1029 1470 1141 1514 casum
1170 1470 1294 1514 coronae
1322 1451 1447 1514 eveniri

310 1542 441 1620 propter
455 1536 542 1619 quod
555 1541 702 1601 tenentes
716 1537 803 1600 villae
825 1536 944 1602 debent
957 1536 1090 1620 vigilare
1112 1556 1169 1600 seu
1191 1536 1278 1601 adire
1292 1536 1446 1601 Dunelm’

310 1622 364 1687 vel
377 1622 456 1686 alibi
469 1622 621 1700 laborare,
635 1624 722 1707 quod
736 1623 874 1707 quilibet
888 1629 1001 1687 tenens
1017 1623 1200 1687 contribuat
1222 1642 1279 1705 pro
1294 1624 1445 1706 porcione

310 1729 370 1774 sua
385 1710 426 1773 ed
440 1709 581 1793 oostagia
594 1709 741 1774 facienda
762 1711 822 1774 sub
844 1728 941 1794 poena
956 1710 1027 1774 40d.
1043 1709 1184 1774 solvend.
1200 1729 1257 1792 per
1278 1709 1372 1773 illum
1387 1711 1447 1794 qui

310 1797 346 1859 in
362 1795 488 1861 defectu
502 1796 664 1879 reperitur.

355 1883 698 1947 Maura-Mammea.
720 1881 1447 1965 Decommunitateviilaequianonvenerrmt

311 1969 503 2052 tempestive
529 1970 570 2033 ad
595 1969 769 2034 mundand'
798 1974 972 2054 stangnum
1000 1968 1178 2033 molendini
1207 1969 1335 2051 quando
1364 1990 1447 2052 prae-

311 2056 431 2120 muniti
466 2056 607 2133 fuerunt,
643 2062 739 2138 prout
775 2060 975 2138 compertum
1004 2061 1054 2120 est
1082 2075 1140 2138 per
1168 2055 1237 2120 Jur‘
1268 2056 1309 2120 de
1337 2057 1446 2121 West

312 2143 507 2226 Meryngton
521 2147 554 2206 et
568 2142 846 2225 EstMeryngton,
861 2142 901 2206 de
922 2141 1148 2219 misericordia,
1166 2149 1209 2206 2s.
1221 2181 1265 2190 —
1276 2143 1326 2207 De
1349 2143 1445 2208 Petro

313 2229 380 2292 filio
410 2227 549 2293 Gilberti
573 2228 683 2292 nativo
712 2228 847 2292 Domini
876 2229 1044 2312 quianon
1069 2228 1160 2293 venit
1183 2229 1374 2313 tempestive
1404 2231 1446 2295 ad

312 2315 443 2391 curiam,
461 2314 531 2378 lad.

355 2401 659 2465 liar-Maarsares.
703 2400 783 2478 dud,
797 2400 949 2465 videlieet
970 2401 1126 2465 Ricardus
1148 2402 1278 2479 Milner‚
1292 2402 1390 2486 Hugo
1406 2403 1447 2467 de

314 2486 522 2571 watworth,
541 2487 702 2551 Henricus
724 2488 865 2564 Dobson‚
888 2485 1084 2571 praesentant
1105 2489 1191 2570 quod
1206 2489 1342 2554 Thomas
1357 2489 1447 2554 filius

314 2577 336 2639 J
338 2574 474 2639 ohannis
488 2579 578 2638 tenet
599 2595 701 2636 unum
723 2574 923 2657 mesuagium
946 2580 979 2639 et
1000 2595 1067 2637 xxx
1083 2595 1170 2638 acras
1185 2581 1276 2639 terrae
1292 2575 1448 2640 delibera

313 2667 397 2725 terra
422 2681 479 2744 pro
503 2661 620 2744 quibus
645 2666 775 2724 tenetur
795 2667 913 2724 metere
939 2661 1083 2743 quolibet
1105 2668 1283 2744 autumpno
1305 2683 1370 2726 uno
1392 2662 1447 2727 die

314 2749 384 2812 sine
399 2748 470 2812 cibo
484 2747 538 2811 vel
552 2747 677 2810 duobus
692 2746 805 2810 diebus
823 2767 898 2811 oum
920 2749 1000 2824 cibo,
1015 2767 1088 2829 quae
1111 2754 1188 2812 sunt
1208 2753 1310 2812 aretro
1325 2769 1382 2831 pro
1397 2749 1445 2833 xij

314 2835 500 2917 annis,quae
510 2833 1213 2918 valentindenariisprotempcrepraedicto,
1227 2841 1270 2899 as.
1301 2835 1448 2918 [Sixteen

314 2921 406 2986 other
433 2921 606 2997 tenanoies,
636 2941 723 2984 some
753 2920 821 2983 “de
855 2921 957 2984 libera
989 2921 1100 2998 terra‚''
1129 2922 1236 2986 others
1265 2922 1334 2985 “de
1362 2927 1449 2986 terra

312 3009 473 3085 Domini‚'’
489 3007 630 3084 succeed,
645 3009 706 3071 but
721 3009 757 3071 in
771 3028 812 3070 no
828 3007 963 3072 distinet
977 3007 1068 3072 order
1083 3028 1118 3071 as
1132 3013 1166 3072 to
1188 3007 1273 3072 their
1287 3007 1448 3092 qualities‚

313 3095 395 3159 with
409 3096 494 3159 their
516 3095 622 3159 werke
644 3095 708 3158 and
728 3115 855 3159 arrears.
899 3094 947 3156 At
967 3094 1024 3158 the
1039 3095 1101 3158 end
1121 3096 1157 3158 of
1175 3095 1230 3158 the
1245 3095 1301 3158 list
1316 3116 1368 3159 are
1389 3095 1448 3158 the

313 3182 476 3265 following
497 3188 589 3246 notes
602 3183 664 3266 :-]
694 3181 940 3245 Memorandum
954 3181 1041 3264 quod
1062 3181 1097 3264 iij
1118 3182 1241 3246 bovatae
1262 3187 1354 3245 terrae
1369 3188 1448 3245 sunt

314 3268 355 3332 ad
366 3269 446 3330 firm'
462 3267 533 3331 den'
547 3268 634 3330 unde
656 3269 678 3332 J
680 3267 822 3331 ohannes
845 3268 913 3350 (lay
927 3274 1016 3332 tenet
1026 3269 1051 3350 j,
1066 3275 1098 3331 et
1114 3269 1268 3332 Ricardus
1284 3268 1449 3352 Taillyour

311 3356 324 3436 j
350 3354 420 3417 bor.
451 3359 484 3417 et
512 3352 619 3415 Adam
649 3353 718 3435 Gay
746 3358 836 3416 tenet
860 3355 874 3436 j
905 3355 975 3418 bov.
1015 3354 1077 3437 [of.
1095 3354 1151 3418 the
1174 3355 1385 3437 Penny-farm
1415 3355 1452 3418 of

315 3438 485 3504 Hatfield's
511 3458 627 3521 surrey
649 3439 713 3502 and
739 3439 831 3502 other
859 3439 1020 3523 episcopal
1049 3440 1450 3523 records.]-In'quiratur

315 3527 356 3590 ad
385 3546 473 3611 prox.
496 3525 536 3588 de
559 3525 708 3609 operibus
735 3525 852 3590 debitis
877 3527 913 3589 in
938 3526 1241 3609 WestMeryngton
1264 3528 1353 3590 etin
1376 3528 1449 3591 aliis

313 3613 400 3677 locis.
1104 3622 1106 3626 '

355 3700 421 3764 Die
436 3699 535 3762 Lunae
549 3718 637 3780 prox.
655 3704 728 3782 post
742 3699 861 3762 festum
877 3698 1031 3761 Omnium
1046 3699 1242 3763 Sanctorum.
1289 3699 1449 3783 [Monday

314 3787 396 3852 after
410 3787 490 3851 Nov.
510 3791 524 3848 1
542 3785 579 3848 in
597 3791 679 3848 1364
694 3806 759 3850 was
774 3786 856 3849 Nou.
874 3790 901 3848 4.
946 3785 1023 3849 This
1037 3785 1112 3862 line,
1127 3785 1234 3851 which
1252 3787 1280 3850 is
1301 3787 1337 3849 in
1359 3786 1451 3870 paler

313 3875 382 3952 ink,
391 3874 454 3938 and
469 3895 488 3938 a
502 3873 651 3937 different
665 3871 787 3956 though
804 3877 1021 3954 cotemporary
1032 3872 1129 3948 hand,
1144 3893 1246 3936 seems
1261 3878 1295 3936 to
1309 3873 1450 3956 identify

214 3984 217 3996 ·
314 3961 371 4024 the
390 3960 451 4024 roll
472 3959 552 4023 with
574 3961 630 4024 the
653 3959 770 4024 second
791 3964 868 4022 turn
890 3958 926 4021 of
944 3956 999 4022 the
1022 3959 1192 4022 Halmotes
1214 3960 1265 4022 for
1285 3959 1341 4023 the
1362 3981 1447 4042 year.

314 4047 409 4110 After
420 4045 475 4109 the
487 4047 605 4109 entries
617 4047 653 4109 of
661 4047 748 4110 what
760 4065 895 4128 appears
906 4050 941 4108 to
952 4045 992 4108 be
1003 4044 1059 4108 the
1072 4044 1316 4128 Edmondbyers
1329 4046 1449 4128 special

314 4138 406 4196 court
420 4131 476 4194 the
491 4131 585 4194 usual
599 4132 746 4196 business
761 4137 795 4195 at
809 4131 1105 4216 EastMerrington
1120 4131 1149 4194 is
1163 4131 1334 4214 resumed]

358 4218 597 4281 Ennonnms
641 4218 692 4281 De
707 4218 846 4281 Roberto
870 4217 985 4281 Soutcr
1006 4219 1082 4300 quia
1100 4238 1165 4281 non
1180 4218 1348 4281 distrinxit
1362 4218 1451 4282 Mar·

315 4309 456 4390 garetam
471 4323 544 4386 quae
557 4303 621 4366 fuit
634 4324 715 4367 uxor
729 4303 887 4367 Willelmi
903 4303 942 4367 de
956 4304 1194 4387 Allensohellys
1209 4305 1274 4367 ten’
1286 4305 1299 4387 j
1316 4306 1403 4380 mes'‚
1418 4311 1452 4368 et

315 4413 360 4454 xx
376 4409 463 4454 acras
477 4396 570 4453 terrae
584 4391 698 4471 pertin'
713 4391 748 4452 in
763 4390 896 4473 Rcksyd
916 4409 973 4472 pro
995 4391 1142 4475 homagio
1165 4395 1198 4454 et
1219 4391 1376 4454 fidelitate
1392 4411 1452 4454 sua

316 4517 329 4527 -
352 4515 366 4526 -
390 4476 440 4542 ad.
458 4513 499 4524 —
514 4476 714 4558 Praeceptum
743 4482 793 4540 est
829 4477 1018 4560 distringere
1048 4476 1220 4541 Issbellam
1250 4497 1389 4541 sororem
1420 4483 1456 4541 et

315 4564 475 4629 haeredem
489 4562 648 4628 Willelmi
670 4564 801 4629 Hunter
815 4564 1004 4645 tenentemj
1021 4583 1096 4628 mes.
1113 4570 1146 4628 et
1160 4564 1217 4645 viij
1241 4583 1329 4627 acras
1351 4568 1454 4641 tenae,
