3224 5212
265 519 326 578 140
525 528 681 577 sinuosi
697 528 1132 580 raroaarusnuumususrs.
1305 517 1397 579 1377.

262 692 305 751 3s.
332 685 656 751 ad.dobit’Mati1d’
682 687 722 751 de
749 686 905 765 Howden,
929 691 1026 771 prout
1047 692 1246 771 compertum
1273 693 1331 764 est,
1357 688 1398 752 de

259 773 477 837 misericordia
492 773 543 837 sd.

215 909 228 932 .
304 860 534 924 Brnnrrreunu.
580 859 736 924 Riesrdus
763 861 891 924 Broune
913 881 942 924 v.
965 861 1000 924 in
1022 861 1110 926 ouria
1132 868 1165 926 ot
1186 861 1272 944 oepit
1293 882 1397 925 unum

259 946 422 1031 eotagium
446 954 479 1011 et
504 948 642 1010 oroftum
669 947 784 1011 ultimo
806 948 841 1011 in
863 953 977 1012 tenura
998 949 1080 1032 Agn'
1103 948 1234 1024 Shaket‚
1247 968 1285 1012 eo
1308 949 1395 1031 quod

255 1033 317 1115 jur.
332 1039 531 1117 praesentant
550 1034 637 1117 quod
658 1034 711 1116 pd.
728 1034 811 1117 Agn’
828 1054 893 1098 non
915 1041 965 1099 est
980 1035 1140 1099 sufficiens
1162 1056 1219 1119 pro
1241 1035 1394 1118 praedioto

259 1121 383 1204 rotagio
399 1120 555 1185 tenendo:
577 1120 713 1184 haband.
728 1126 762 1184 θῖ
781 1121 909 1186 tenond.
925 1141 982 1204 pro
1003 1128 1092 1186 torm.
1108 1122 1185 1185 vitae
1199 1142 1283 1185 snae:
1304 1122 1392 1186 redd.

259 1210 292 1270 et
318 1207 465 1272 faciendo
490 1207 526 1270 in
554 1207 704 1271 omnibus
729 1215 826 1290 prout
856 1207 942 1291 [eto]
957 1245 972 1254 -
988 1245 1001 1256 ·
1017 1208 1169 1272 Grea'm'a
1200 1208 1393 1272 rau-In-

254 1293 407 1376 junotum
426 1299 476 1358 θεῖ
495 1294 644 1358 omnibus
659 1294 844 1358 tenentibus
859 1293 947 1358 vfflae
962 1295 1020 1378 qui
1033 1296 1152 1359 oariare
1164 1295 1283 1360 debent
1297 1295 1394 1360 blada

259 1379 383 1444 domini
412 1399 515 1464 usque
543 1380 694 1445 Dunelm.
725 1381 812 1464 quod
841 1381 974 1445 veniant
1003 1402 1078 1446 oum
1106 1382 1206 1446 saoois
1235 1382 1323 1446 sanis
1349 1383 1392 1446 ad

259 1466 428 1550 moipiend'
445 1467 542 1530 blada
563 1467 716 1550 praedicta
730 1475 764 1532 et
778 1467 839 1532 hoo
854 1489 912 1552 per
926 1468 1013 1533 diem
1035 1475 1068 1532 et
1089 1489 1156 1532 non
1177 1489 1235 1552 per
1254 1474 1391 1533 noctem.

256 1589 299 1602 -
309 1552 476 1618 iohannes
490 1553 576 1618 filius
591 1553 771 1618 Alexandri
785 1554 905 1619 eiectus
920 1561 970 1619 θεῖ
983 1557 1173 1639 praepositus
1184 1563 1218 1620 et
1233 1555 1392 1620 Robertus

258 1639 410 1724 Hardgill
438 1641 544 1705 socius
568 1641 608 1705 ad
634 1641 803 1724 colligend’
829 1641 910 1705 firm'
940 1643 1052 1706 amoro’
1079 1649 1112 1706 θῖ
1141 1643 1291 1706 omnibus
1316 1643 1390 1706 aliis

257 1727 344 1811 quod
357 1727 426 1811 [sio]
442 1727 605 1810 pertinent
616 1728 657 1791 ad
669 1728 809 1792 officium
821 1729 991 1813 praepositi.
1004 1767 1048 1777 —
1058 1730 1082 1793 J
1083 1730 1225 1793 ohannes
1236 1729 1391 1806 Widowe,

256 1813 280 1878 J
281 1813 424 1880 ohannes
435 1814 474 1878 de
486 1815 614 1898 Girsby,
625 1814 648 1877 J
649 1815 790 1879 ohannes
803 1815 999 1892 Gentilman‚
1010 1815 1166 1880 Rioardus
1175 1815 1215 1880 de
1227 1816 1390 1880 Monkton

257 1899 352 1966 eleoti
367 1907 444 1966 sunt
459 1902 499 1966 ad
515 1901 643 1966 sedend’
658 1901 700 1965 ad
713 1922 803 1985 prox.
818 1902 946 1966 curiam.

299 1988 542 2054 Wouaonsros.
587 1989 822 2052 Praesentatum
836 1994 886 2052 est
904 2009 961 2072 per
978 1989 1041 2072 jur.
1057 1989 1144 2072 quod
1165 1991 1189 2054 J
1190 1989 1333 2054 ohannes
1348 1989 1390 2054 de

255 2073 373 2138 Arsom
388 2074 607 2159 appropriavit
622 2075 685 2139 sibi
704 2075 744 2140 de
759 2083 851 2139 vasto
867 2075 990 2140 domini
1011 2076 1098 2140 unde
1113 2075 1191 2139 feeit
1205 2076 1268 2140 sibi
1289 2096 1390 2140 unam

255 2160 410 2225 salionem
434 2168 467 2226 et
492 2161 640 2245 permisit
664 2182 763 2225 unam
786 2161 942 2227 selionem
967 2163 1112 2226 deterre
1138 2162 1262 2226 domini
1281 2164 1388 2246 jacere

253 2266 311 2330 pro
333 2248 395 2324 via,
417 2269 514 2331 quam
537 2248 635 2312 habet
656 2248 691 2311 in
713 2269 812 2312 manu
837 2269 904 2324 sua,
925 2249 1012 2332 quod
1035 2270 1100 2312 non
1122 2255 1171 2312 est
1194 2249 1235 2312 ad
1257 2249 1388 2332 dampn’

255 2332 379 2397 domini
393 2342 450 2399 aut
461 2334 532 2410 vio'‚
543 2334 615 2398 ideo
625 2355 690 2398 non
705 2336 902 2400 amerciatur.
914 2371 958 2381 —
970 2337 1081 2400 Unum
1090 2335 1249 2419 rotagium
1264 2337 1286 2419 ij
1300 2357 1387 2400 aora-

255 2439 326 2482 rum
341 2426 433 2485 terrae
448 2420 564 2485 ultimo
575 2421 612 2484 in
625 2428 740 2486 tenura
754 2423 778 2486 J
778 2422 915 2486 ohannis
932 2422 1062 2486 Homan
1078 2423 1160 2507 oapt'
1176 2428 1225 2487 θεῖ
1239 2423 1273 2485 in
1288 2443 1389 2486 manu

253 2506 377 2570 domini
391 2527 559 2591 quousque
571 2508 752 2591 Margareta
766 2510 894 2573 Horner
904 2530 986 2573 uxor
999 2509 1051 2592 pd.
1066 2510 1090 2573 J
1091 2509 1227 2573 ohannis
1242 2509 1388 2574 inveniet

253 2593 320 2676 oap’
337 2614 396 2658 sua
416 2600 455 2658 ut
476 2594 516 2659 de
534 2596 607 2678 jure
621 2595 736 2660 viduae.
748 2630 792 2641 -
804 2597 949 2673 Quatuor
971 2617 1051 2660 aorae
1072 2596 1227 2660 frumenti
1243 2596 1326 2679 [eto]
1351 2597 1387 2661 in

253 2685 368 2746 tenura
404 2681 535 2746 Thomae
571 2682 631 2745 filii
658 2682 820 2746 Willelmi
860 2683 1023 2765 quondam
1058 2683 1094 2746 in
1131 2689 1245 2747 tenura
1272 2683 1387 2748 Alioiae

254 2767 439 2833 Gretheued
454 2769 573 2834 seisitoe
589 2774 638 2833 est
654 2769 724 2852 [sio]
739 2770 774 2832 in
785 2789 885 2832 manu
896 2769 1020 2833 domini
1035 2769 1154 2834 Prioris
1164 2770 1250 2832 unde
1264 2769 1387 2834 lovaoio

251 2861 472 2938 respeotuatur
492 2855 651 2939 usquead
672 2875 759 2939 prox.
777 2856 906 2919 ouriam.
950 2856 994 2920 Et
1016 2856 1084 2920 dies
1099 2856 1193 2920 datus
1209 2863 1258 2921 est
1279 2857 1385 2921 eidem

252 2941 382 3006 Thomas
404 2942 444 3006 ad
471 2942 706 3006 ostendendum
728 2942 866 3025 qualiter
887 2943 1131 3007 tenet—Dies
1153 2943 1247 3006 datus
1262 2951 1311 3007 est
1333 2945 1385 3027 pd.

252 3027 382 3092 Thomae
403 3028 445 3092 ad
471 3029 704 3094 ostendendum
729 3029 867 3112 qualiter
892 3034 981 3094 tenet
1002 3029 1048 3113 xij
1072 3050 1160 3094 aoras
1183 3036 1275 3094 terra
1298 3031 1384 3116 [eto]

251 3135 323 3197 quae
347 3115 509 3198 quondam
534 3116 665 3180 fuerunt
691 3116 727 3178 in
753 3122 866 3180 tenura
888 3116 1019 3180 Thomas
1045 3116 1085 3180 de
1112 3116 1267 3181 Gretham
1292 3118 1384 3200 eujus

250 3205 380 3264 vestura
394 3202 505 3265 saisita
519 3203 554 3265 in
568 3223 668 3266 manu
682 3203 806 3265 domini
828 3223 865 3267 eo
880 3203 966 3285 quod
981 3224 1047 3266 non
1061 3203 1169 3267 finivit
1183 3224 1241 3287 pro
1255 3204 1384 3269 eisdem.

252 3286 317 3350 Hic
326 3287 367 3350 ad
376 3307 463 3369 prox.
474 3289 596 3353 auriam
605 3290 665 3353 sub
674 3309 769 3372 poena
778 3289 1094 3354 admissionis—De
1103 3289 1226 3354 Thoma
1234 3291 1385 3356 Breuster

250 3378 284 3436 et
313 3372 450 3436 Ricardo
480 3373 519 3436 de
549 3375 649 3438 Holur
679 3376 756 3458 quia
783 3376 979 3440 ludaveruut
1007 3377 1049 3440 ad
1078 3382 1242 3461 ragement
1273 3384 1385 3440 eontra

250 3479 380 3542 poenam
394 3459 430 3522 in
444 3459 580 3524 diversis
592 3461 755 3527 Halmotis
767 3464 915 3547 positam,
928 3469 993 3527 20s.
1005 3463 1205 3527 condonatur
1220 3483 1322 3547 usque
1338 3471 1382 3528 2s.

251 3546 351 3631 [Vide
367 3546 558 3611 Halliwell's
579 3547 665 3611 Diot.
681 3550 736 3611 sub
751 3550 902 3634 Ragman.
947 3549 1014 3615 The
1028 3571 1135 3615 verses
1150 3550 1383 3614 atW01viston

249 3640 283 3699 to
298 3635 338 3699 be
353 3635 463 3700 drawn
477 3654 560 3699 were
573 3635 711 3718 perhaps
726 3636 981 3720 objeotionabie]

293 3723 437 3788 corros.
481 3722 647 3788 Johannes
662 3723 703 3786 de
719 3723 846 3787 Oouton
861 3723 981 3788 eleotus
994 3729 1042 3788 θεῖ
1058 3743 1114 3806 per
1125 3725 1186 3807 jur.
1203 3726 1244 3788 ad
1258 3725 1381 3788 esseud.

249 3829 421 3875 messorem
436 3815 469 3876 et
480 3811 608 3893 juratus
623 3809 727 3874 faeere
742 3810 828 3892 quod
844 3810 885 3873 ad
900 3809 1040 3873 officium
1055 3809 1202 3892 pertinet.

292 3897 433 3960 Nomou
458 3896 634 3960 Brnuarsw.
689 3896 741 3959 De
771 3895 891 3959 Ceoilia
916 3895 1226 3979 Wilkinsdoughter,
1252 3896 1381 3960 Matild'

249 3980 546 4063 Malkynsmaydin,
561 4003 619 4065 pro
633 3981 704 4065 leyr
721 3981 790 4045 12d.

294 4067 439 4130 Bornos.
484 4067 547 4132 Die
562 4068 698 4132 Veneris
714 4089 801 4151 prox.
818 4073 891 4151 post
905 4068 1027 4132 festum
1042 4068 1071 4132 S.
1087 4068 1234 4134 Andreae.

291 4152 412 4214 Acanr.
444 4151 631 4233 Injunotum
643 4155 849 4218 estomnibus
858 4155 1231 4238 tenentibusviliaequod
1241 4155 1382 4238 quilibet

130 4297 135 4304 .
247 4257 357 4303 eorum
378 4241 533 4319 praestant
555 4239 624 4322 [sio]
645 4238 717 4303 leot'
733 4240 773 4303 ad
796 4242 954 4306 adventus
975 4241 1090 4324 prioris
1112 4242 1239 4306 terrarii
1253 4247 1287 4306 et
1304 4242 1379 4306 bur-

247 4323 583 4406 serii-Injunotum
606 4330 656 4388 θεῖ
678 4327 826 4391 omnibus
841 4329 1027 4392 tenentibus
1050 4329 1138 4393 villae
1160 4329 1246 4412 quod
1268 4328 1380 4392 nullus

246 4432 372 4528 omum,
387 4410 495 4495 capiat
522 4415 641 4475 terram
670 4412 711 4476 ad
740 4413 916 4479 aedifioand.
948 4415 1014 4478 nisi
1042 4416 1078 4478 in
1103 4415 1175 4480 looo
1205 4420 1319 4478 vocato
1348 4415 1380 4478 lo

244 4501 592 4650 Miiggq'opqqfflop
640 4584 702 4667 [No
716 4587 825 4667 juras
839 4589 1037 4670 mentioned]
1086 4589 1137 4653 De
1164 4587 1314 4652 Johanne
1340 4587 1379 4652 de
