3056 5222
40 565 136 625 1296.
311 576 469 624 nmuom
483 575 666 623 emersurus
681 573 920 624 nuunnnnusrs.
1162 561 1180 620 3

38 733 126 816 oepit
145 735 160 818 j
187 754 294 798 acram
316 741 408 798 terrae
430 732 470 797 de
492 732 652 796 dominico
674 752 772 817 quam
793 731 854 795 Ad.
878 732 1044 796 Beroarius
1065 730 1183 806 tenuit,

38 820 125 884 redd.
138 843 171 904 p.
184 842 212 885 a
228 821 298 885 rod.
310 860 354 870 -
366 821 442 903 Rog.
459 820 512 883 del
534 821 608 883 Law
624 820 711 903 oepit
726 819 768 882 di.
791 839 896 882 aorem
918 839 1016 902 quam
1030 816 1092 881 Ad.
1109 817 1182 881 Ber

40 908 146 972 carius
161 907 280 983 tenuit,
294 907 380 971 redd.
396 927 427 989 p.
441 927 468 972 a.
489 906 558 970 ma

82 995 431 1057 KmKn-Mnmuorou.
477 994 684 1076 Compertum
714 991 875 1074 estquod
901 990 1065 1054 Gilbertus
1094 990 1184 1072 Papo

38 1080 166 1145 bondus
181 1081 318 1146 Domini
340 1080 458 1144 Prioris
474 1079 586 1143 debuit
607 1079 719 1143 fecisse
734 1078 907 1162 cariagium
922 1097 1024 1161 usque
1046 1076 1180 1140 Dunlm’

40 1187 97 1230 nec
119 1168 232 1250 potnit
253 1167 355 1236 faeere
377 1172 506 1251 propter
531 1165 731 1230 debilitatem
752 1185 907 1247 equorum
932 1184 1071 1240 suorum,
1093 1163 1180 1227 unde

40 1253 229 1318 Willelmus
251 1254 392 1318 serviens
414 1253 454 1317 de
477 1253 662 1336 Men'ngton
684 1251 807 1315 dictum
830 1250 1003 1333 cariagium
1024 1250 1102 1314 fecit
1123 1268 1180 1332 per

39 1361 142 1404 unum
164 1340 206 1404 de
224 1340 381 1422 jumentis
403 1338 537 1403 Domini
558 1338 685 1403 Prioris.
730 1338 823 1414 Quod
845 1337 975 1420 quidem
993 1338 1179 1420 jumentum

40 1433 171 1508 captum
186 1427 251 1489 fuit
266 1426 352 1510 apud
366 1425 500 1488 Dunlm'
514 1445 571 1509 per
585 1425 749 1488 ministros
763 1423 898 1488 Domini
912 1424 1008 1508 Regis
1023 1423 1065 1487 sd
1079 1422 1178 1487 caria-

42 1513 128 1594 gium
154 1533 267 1577 versus
292 1518 398 1596 partes
423 1512 566 1576 boreales
591 1509 782 1586 faciendum,
808 1510 946 1574 necdum
974 1509 1079 1574 rediit.
1134 1510 1179 1573 Et

41 1599 145 1662 dietus
154 1599 342 1662 Willelmus
354 1599 495 1663 serviens
506 1597 597 1662 venit
608 1617 803 1680 conquerens
818 1594 858 1660 de
869 1597 1020 1680 praedioto
1032 1595 1179 1661 Gilberto

43 1685 82 1747 ad
102 1685 258 1762 Halmot’,
273 1685 382 1750 dicens
397 1685 483 1768 quod
504 1685 665 1748 Dominus
679 1684 770 1746 Prior
784 1683 892 1746 amisit
909 1684 1095 1765 jumentum
1109 1681 1181 1765 ejus

43 1772 81 1832 ob
94 1771 259 1836 defectum
277 1772 423 1855 praedicti
438 1771 585 1835 Gilberti.
629 1771 672 1834 Et
694 1770 799 1833 dictus
814 1769 979 1834 Gilbertus
994 1769 1075 1832 dicit
1091 1767 1178 1851 quod

44 1857 146 1922 dietus
156 1858 344 1922 Willelmus
353 1858 434 1922 bene
443 1858 549 1941 potuit
559 1857 699 1922 salvasse
710 1857 895 1938 jumentum
906 1856 1040 1919 Domini
1050 1855 1178 1930 Prioris,

45 1964 80 2006 eo
101 1945 188 2027 quod
210 1946 317 2028 potuit
339 1944 530 2008 conduxisse
551 1943 726 2027 cariagium
751 1942 933 2025 sumptibus
959 1942 1026 2005 suis
1052 1961 1111 2006 nec
1137 1940 1178 2004 ob

46 2029 203 2094 defectum
233 2052 328 2095 suum
362 2033 548 2114 jumentum
575 2031 639 2094 fuit
668 2029 830 2093 amissum.
854 2078 860 2092 .
884 2079 891 2092 .
915 2079 922 2092 .
944 2028 1086 2111 loquela
1114 2028 1178 2091 ista

46 2118 171 2198 ponitur
181 2119 220 2181 in
230 2124 377 2202 respectu
388 2137 554 2201 quousque
564 2137 621 2200 per
631 2115 810 2179 Dominum
821 2113 964 2178 Priorem
975 2114 1176 2179 discuciatur.

89 2203 144 2286 [Ia
173 2205 286 2288 dorsa]
345 2204 504 2268 Robertns
538 2204 577 2268 de
606 2202 729 2266 Dalton
761 2222 819 2286 pro
850 2202 967 2286 ger’ma
991 2222 1015 2265 v
1046 2221 1177 2267 marcas.

47 2290 206 2355 Johannes
229 2291 315 2354 filius
337 2291 467 2354 Thomas
485 2290 524 2353 de
547 2289 665 2372 Oupun
683 2308 739 2370 pro
755 2288 866 2352 eodem
884 2293 969 2353 100s.
1015 2287 1178 2352 Walterus

48 2375 206 2461 Stirleling
230 2397 287 2461 pro
301 2376 436 2441 licencia
450 2375 597 2440 habenda
608 2375 719 2440 arandi
732 2381 850 2439 terram
865 2374 989 2439 Gonani
1003 2374 1043 2438 ad
1059 2373 1178 2438 medie-

48 2465 150 2561 tatem,
166 2470 211 2528 2s.
257 2465 280 2528 J
281 2462 423 2528 ohannes
445 2463 618 2546 Fristeling
632 2461 719 2544 cepit
732 2461 893 2545 quoddam
907 2460 1103 2546 bondagium
1118 2481 1177 2545 pro

47 2549 253 2630 mJ⁰¹marcis

88 2635 284 2701 Paomouun
297 2636 393 2702 istius
407 2635 506 2700 rotuli
521 2655 562 2699 ex
576 2639 712 2717 utraque
727 2638 818 2717 parte
836 2638 874 2697 16
884 2633 917 2699 li.
936 2638 1000 2698 13s.
1017 2635 1067 2700 ad.

92 2812 178 2873 1296.
195 2809 464 2873 IL-Snounnus
478 2809 624 2884 Trerus,
638 2806 738 2884 Auru,
753 2806 1177 2883 aro.,Nouaons1mSnxr1.

53 2889 226 2980 [Halmota]
243 2901 333 2959 tenta
347 2895 433 2978 apud
448 2895 587 2978 Pitingd'
603 2894 656 2958 die
670 2894 806 2958 Veneris
823 2893 906 2976 [Oct.
924 2893 979 2976 26]
999 2897 1178 2976 promente

52 2978 161 3044 festum
182 2981 415 3064 Apostolorum
441 2981 581 3045 Simonis
604 2986 637 3044 et
659 2981 755 3044 Judae
777 2979 860 3062 [Oet
878 2981 932 3064 28]
954 2999 1038 3042 anno
1063 2979 1177 3062 graciae

54 3065 216 3132 millesimo
231 3068 476 3152 [ducentesimo]
493 3067 698 3151 nonagesimo
713 3072 812 3131 sexto.

93 3152 191 3234 [tert
214 3154 397 3239 Rumon]
441 3154 565 3218 Alanus
587 3154 705 3218 Junior
726 3159 760 3217 et
783 3151 947 3216 Walterus
968 3150 1055 3216 filius
1075 3151 1176 3216 Alani

55 3237 123 3317 quia
156 3261 223 3305 non
258 3245 416 3305 venerumt
451 3240 635 3322 responsuri
667 3237 853 3302 hominibus
887 3237 927 3302 de
958 3237 1109 3320 Reynton
1142 3244 1175 3304 et

55 3341 154 3389 eorum
182 3327 322 3411 querelis
354 3327 424 3391 lad.
438 3363 482 3374 -·
499 3326 639 3410 (Alanus
669 3326 764 3389 Pater
793 3325 910 3389 Noster
942 3325 1058 3408 masat)
1089 3325 1176 3409 oepit

55 3409 162 3475 toftum
187 3419 222 3479 et
248 3421 366 3478 terram
391 3434 488 3496 quam
517 3419 609 3495 pater
634 3412 703 3495 ejus
728 3411 843 3488 tenuit,
869 3411 1014 3475 faciendo
1040 3412 1175 3476 servicia

56 3505 195 3563 consueta
220 3507 253 3564 et
277 3500 367 3565 dabit
388 3500 428 3563 ad
450 3500 639 3583 g'summam
668 3498 724 3582 (la
748 3497 875 3581 erased).
920 3497 1010 3581 (Jam
1029 3499 1120 3563 venit
1141 3505 1175 3564 et

57 3581 185 3648 reddidit
210 3587 332 3650 dictam
352 3592 479 3663 terram,
503 3587 540 3649 ab
562 3583 725 3668 moryiaa)
773 3583 950 3668 (Johannes
976 3583 1061 3650 filius
1083 3585 1174 3668 Elyae

57 3669 131 3749 cepit
153 3673 274 3737 toftum
297 3678 329 3736 et
352 3679 469 3736 terram
493 3691 591 3755 quam
615 3671 775 3734 Robertus
799 3671 895 3734 Pater
917 3671 1036 3734 Noster
1059 3671 1174 3749 tenuit,

57 3751 188 3821 iaciendo
218 3759 353 3823 servicia
382 3765 534 3822 consueta
560 3763 592 3821 et
621 3757 710 3821 dabit
737 3755 778 3820 ad
803 3757 992 3840 g’summam
1019 3763 1063 3821 2s.
1090 3757 1174 3820 siout

57 3837 167 3907 Alanus
182 3845 279 3910 Pater
292 3846 410 3920 Noster
424 3844 536 3908 debuit
551 3843 676 3907 dedisse
690 3849 729 3907 ut
742 3848 831 3926 patet
846 3862 942 3925 supra
956 3840 1084 3925 quando
1104 3841 1175 3906 red-

58 3921 148 3991 didit:
176 3952 220 3993 aa
245 3932 395 3996 adddm,
417 3932 454 3994 ia
479 3931 593 3994 dacter
617 3929 696 4014 talo.)
710 3929 859 3992 -Terra
886 3927 1045 3993 Johannis
1074 3929 1175 4012 Wyss

59 4018 141 4092 capta
162 4023 210 4080 est
232 4018 269 4080 in
291 4018 377 4080 man'
390 4017 532 4081 Domini.
544 4017 622 4081 —J
623 4016 764 4080 ohannes
782 4015 883 4099 Wyse
904 4014 982 4098 quia
1003 4035 1069 4080 non
1084 4016 1175 4081 venit

58 4095 93 4157 ad
106 4097 250 4180 Helmot',
263 4104 300 4167 in
314 4103 530 4168 misericordia
546 4103 594 4167 6d.

96 4182 271 4253 Mormlw.
318 4190 446 4253 Matild'
468 4189 579 4254 relicta
593 4188 752 4253 Willelmi
773 4187 900 4252 invenit
921 4186 1076 4254 Thomam
1093 4209 1173 4271 praa-

59 4270 186 4345 positum
211 4282 244 4340 et
266 4282 332 4340 tres
354 4277 478 4359 juratos
500 4274 581 4359 pleg.
597 4295 672 4339 suos
694 4275 874 4339 sustinendi
895 4279 1013 4339 terrem
1034 4280 1175 4340 suamet

60 4350 183 4453 faciendi
204 4361 345 4426 Domino
367 4362 502 4426 servicia
524 4361 632 4426 debita
654 4367 686 4425 et
711 4361 1072 4426 consueta-Thomas
1093 4381 1174 4445 prae·

21 4511 22 4514 Ἴ
60 4447 169 4518 positus
186 4453 218 4510 et
238 4448 317 4513 Rad.
341 4449 380 4513 de
402 4449 562 4533 Reynton,
583 4468 641 4531 pro
663 4447 797 4511 licencia
819 4447 966 4512 habenda
985 4447 1097 4512 arandi
1118 4469 1176 4531 per

60 4541 167 4594 annum
188 4539 302 4600 terram
326 4535 447 4599 Hawis’
462 4534 582 4600 relictae
603 4534 743 4611 Roberti,
764 4533 889 4599 dabunt
910 4535 1051 4600 Domino
1073 4533 1176 4597 Priori
