3056 5222
320 559 339 618 2
580 565 1187 616 uacuorarmoaarusouumucssis.
1377 549 1462 610 1296.

318 725 358 810 it)
375 725 461 790 filius
475 725 621 790 Ymauiae
636 725 713 810 quia
727 745 792 789 non
806 724 898 790 venit
912 724 953 789 ad
975 723 1085 789 Halm’
1101 723 1146 806 (vj
1158 723 1187 788 d
1203 721 1343 806 σναειᾱ).
1392 719 1463 782 Post

318 812 419 877 venit.
429 847 473 858 -
485 812 729 878 consideratum
750 816 800 876 est
819 831 877 894 pro
893 811 966 896 [Ispa
980 811 1081 896 quod]
1096 811 1128 874 N
1130 809 1275 874 icholaus
1298 807 1348 872 de
1365 805 1456 869 Belas

318 904 483 983 recuperet
496 900 537 964 de
552 897 728 984 Regiualdo
743 897 796 962 del
811 898 907 963 Rawe
922 903 987 962 10s.
1005 897 1054 963 od.
1064 935 1108 946 -·
1118 897 1202 960 Item
1213 894 1306 980 quod
1324 893 1463 957 Thomas

319 985 405 1070 Pege
418 991 583 1070 recuperet
604 984 644 1049 de
667 985 706 1050 G.
722 985 846 1048 Merces
868 984 903 1066 iij
917 983 1008 1049 solid.
1031 984 1090 1048 ras’
1110 983 1193 1067 [viu
1215 981 1396 1045 Dufresne
1411 979 1464 1042 sub

318 1071 506 1156 Emonam]
522 1077 556 1138 et
577 1071 619 1136 di
635 1071 796 1135 frumenti
841 1070 927 1154 Pleg.
943 1071 1017 1153 iiij⁰¹
1031 1071 1054 1134 J
1057 1091 1101 1134 ur.
1113 1107 1158 1118 —
1168 1069 1243 1132 Tres
1267 1087 1362 1132 acrae
1379 1071 1414 1130 et
1428 1064 1463 1128 di

318 1157 403 1222 rodoe
424 1165 516 1224 terrae
530 1178 605 1223 cum
619 1163 710 1242 prato
725 1177 797 1240 quae
811 1156 942 1221 fuerunt
959 1155 1123 1240 Radulphi
1138 1155 1213 1220 Soot
1227 1159 1312 1218 sunt
1327 1154 1371 1218 in
1386 1151 1464 1216 man’

319 1244 453 1308 Domini
467 1251 500 1310 et
515 1244 626 1308 valent
641 1251 685 1308 ts.
702 1243 774 1327 old

364 1331 488 1396 Curua.
534 1331 675 1415 Rogatus
690 1330 782 1394 Barri
804 1329 890 1413 oepit
904 1329 1065 1414 ootaginm
1087 1328 1175 1412 quod
1189 1327 1360 1392 Ricardus
1385 1325 1463 1389 Buta

319 1417 434 1496 tenuit,
455 1416 541 1482 redd.
564 1438 594 1502 p.
617 1437 643 1480 a
670 1423 714 1480 ts.
770 1415 845 1480 Nou
871 1423 921 1480 est
943 1413 1359 1480 incrementum—Idem
1383 1411 1464 1494 cepit

319 1523 418 1566 unam
438 1503 582 1580 salinam
597 1503 683 1568 redd.
699 1523 729 1586 p.
745 1523 771 1566 a
789 1507 830 1566 30
845 1501 920 1586 hop'
934 1502 1019 1568 salis.
1066 1502 1130 1566 Hie
1146 1509 1195 1566 est
1208 1501 1462 1573 incrementum,

320 1587 377 1655 sed
388 1609 453 1652 non
462 1589 563 1654 solvet
575 1589 635 1654 hoc
646 1609 738 1654 anno.
748 1627 792 1638 -
801 1590 823 1653 J
825 1588 967 1654 ohannes
982 1588 1022 1653 de
1040 1589 1223 1652 Munketon
1237 1586 1334 1671 capit
1351 1605 1462 1670 quam·

319 1674 396 1740 dam
406 1675 549 1760 placeam
560 1675 644 1740 vasti
655 1675 696 1740 ad
707 1695 807 1739 unam
818 1675 954 1740 saliuam
969 1695 1061 1740 suam
1076 1673 1313 1740 emendendam
1325 1679 1365 1738 et
1377 1671 1462 1736 dabit

320 1762 361 1826 ad
375 1763 508 1846 g'smam
524 1761 649 1827 12d.-
659 1763 734 1826 Duo
745 1761 936 1826 braciatores
947 1767 1059 1826 tenent
1073 1761 1214 1826 assisam.
1251 1760 1340 1824 Ideo
1353 1758 1461 1822 mahil

362 1849 572 1915 Wocwsrou.
618 1847 862 1914 Consideraaum
881 1857 932 1912 est
953 1847 1039 1932 quod
1060 1847 1210 1912 dominus
1223 1847 1407 1910 lohannes
1427 1845 1461 1907 de

319 1935 464 2001 Karham
488 1935 672 2021 capellanus
687 1940 853 2017 recuperet
868 1933 908 1998 de
930 1933 1069 1998 dominis
1084 1935 1106 1998 J
1108 1933 1233 1998 ohanne
1254 1933 1330 1996 filio
1347 1931 1460 2016 Rogeri

319 2028 352 2086 et
376 2023 526 2088 Johanne
553 2022 689 2088 Carmen
715 2020 897 2105 capellanis,
923 2020 1004 2105 pleg.
1034 2020 1195 2084 Johannis
1224 2019 1288 2082 filii
1321 2017 1460 2091 Ricardi,

321 2113 366 2172 8s.
411 2108 527 2172 Postea
541 2108 646 2172 dictus
660 2108 691 2172 J.
704 2106 744 2172 de
759 2106 897 2171 Oarham
908 2107 998 2170 dedit
1013 2105 1098 2170 diem
1113 2105 1289 2170 solucionis
1305 2105 1459 2188 praedicto

319 2194 351 2257 J.
367 2193 434 2257 filio
449 2193 577 2258 Ricardi
597 2214 698 2278 usque
713 2194 834 2259 festum
857 2193 892 2258 B.
914 2192 1085 2258 Michaelis
1099 2213 1187 2276 prox.
1203 2197 1392 2256 venturrum
1406 2191 1459 2254 snb

319 2279 477 2364 plegiagio
491 2279 651 2363 praedicto.
663 2319 707 2330 —
718 2279 839 2346 cecilia
854 2280 930 2343 Paw
942 2279 1018 2364 quia
1032 2278 1180 2344 vendidit
1194 2283 1308 2342 contra
1322 2279 1459 2344 assisam

323 2364 372 2430 od.
384 2404 428 2414 —
438 2365 523 2450 Agn'
538 2386 618 2431 uxor
640 2366 779 2430 Bercarii
798 2385 856 2450 pro
878 2365 990 2430 eodem
1008 2365 1057 2430 od
1069 2403 1113 2414 -
1124 2365 1202 2428 Rad
1219 2365 1355 2428 Messor
1378 2363 1459 2447 cepit

319 2453 482 2536 cotagium
496 2457 529 2517 et
543 2453 566 2535 ij
583 2473 671 2516 acras
685 2460 777 2516 terroe
792 2473 872 2536 quas
888 2452 1082 2516 Laurencius
1098 2451 1222 2516 Baroar‘
1237 2451 1364 2529 tenuit,
1377 2450 1457 2514 redd.

319 2559 350 2622 p.
366 2559 392 2602 a.
411 2539 491 2616 lad.
506 2545 538 2604 et
560 2538 706 2603 faciendo
721 2539 856 2603 servicia
870 2545 1029 2604 consueta.
1074 2539 1169 2603 Terra
1184 2536 1309 2602 solebat
1324 2537 1457 2602 reddere

321 2625 499 2690 td—Ad'
523 2625 563 2690 de
585 2625 765 2708 Frusterley
788 2625 874 2708 cepit
899 2625 1017 2690 toltum
1032 2630 1065 2689 et
1091 2625 1113 2708 ij
1140 2644 1229 2689 acras
1253 2628 1357 2688 terrae
1384 2642 1457 2708 quas

319 2711 342 2774 J
344 2711 485 2776 ohannes
494 2712 609 2777 Rudde
617 2712 732 2788 tenuit,
743 2710 828 2776 redd
838 2731 869 2796 p.
881 2731 907 2777 a
919 2712 979 2790 td,
989 2710 1136 2776 faciendo
1145 2710 1279 2776 servicia
1291 2717 1457 2784 consueta,

320 2818 393 2881 quae
407 2797 536 2863 reddere
550 2798 673 2864 solebat
688 2797 739 2862 ld.

366 2884 476 2968 [Boeo
486 2885 566 2969 l]or.
610 2886 633 2950 J
634 2884 776 2949 ohannes
791 2882 878 2947 filius
893 2883 1078 2968 sampsonis
1093 2883 1178 2967 cepit
1193 2881 1363 2966 colagium
1380 2889 1413 2949 et
1426 2882 1455 2965 iij

319 2991 408 3036 acras
422 2978 455 3036 et
470 2971 510 3036 di
528 2991 607 3055 quas
622 2971 806 3035 Willelmus
826 2970 913 3034 filius
928 2971 1067 3036 Gilberti
1086 2970 1192 3034 tenuit
1207 2969 1293 3033 redd.
1309 2990 1340 3053 p.
1363 2993 1394 3035 a.
1411 2977 1457 3043 ts,

319 3064 354 3122 et
375 3057 465 3123 dabit
488 3057 530 3122 ad
544 3058 674 3142 g’su'am
698 3063 751 3135 3s.,
766 3056 935 3121 solvendos
955 3057 995 3121 ad
1017 3057 1138 3121 festum
1160 3056 1195 3121 B.
1219 3055 1456 3122 Michaelis.—

319 3143 483 3208 Amaldus
505 3144 685 3227 Philippus,
700 3148 733 3210 et
753 3143 892 3209 Thomas
907 3143 978 3208 Bar’
1000 3143 1077 3228 quia
1098 3143 1261 3228 fregerunt
1282 3146 1456 3226 seysinam,

320 3230 357 3292 in
372 3229 586 3294 misericordia
603 3230 694 3314 lssld·

364 3315 486 3379 Acina.
530 3315 618 3380 Elias
633 3316 776 3380 Barnard
791 3316 877 3398 oepit
890 3321 955 3380 tres
970 3335 1057 3380 acras
1068 3321 1160 3380 terrae
1177 3335 1256 3399 quas
1267 3315 1455 3381 Willelmus

321 3401 447 3466 Messor
460 3401 566 3465 tenuit
579 3401 663 3466 redd
679 3423 709 3486 p.
725 3422 752 3465 a.
769 3407 823 3478 ts„
835 3409 868 3466 et
883 3402 973 3466 dabit
987 3401 1028 3466 ad
1041 3403 1175 3485 g’smam
1193 3401 1456 3479 lad.,s01vendos

320 3487 362 3552 ad
377 3488 496 3553 festum
518 3488 553 3552 Β.
569 3487 978 3553 Michaelis—Gilbertus
1000 3487 1086 3552 filins
1101 3487 1261 3554 Johannis
1276 3487 1344 3552 Tod
1373 3489 1456 3574 cepit

320 3573 440 3639 toltum
461 3574 547 3658 quod
562 3574 724 3638 Walterus
746 3573 867 3639 Hermo
889 3575 1004 3652 tenuit,
1018 3575 1103 3640 redd
1119 3595 1149 3658 p.
1165 3596 1192 3639 a.
1210 3579 1253 3639 3s.
1298 3575 1370 3639 Hic
1397 3595 1456 3640 non

320 3667 370 3726 est
391 3661 722 3726 incrementum-J
723 3659 866 3725 ohannes
889 3660 975 3725 filius
997 3661 1155 3725 Willelmi
1176 3661 1217 3726 ad
1239 3661 1378 3725 Portam
1407 3663 1455 3726 dat

318 3746 774 3919 tuttffitdltdh
782 3747 926 3916 hullt
940 3745 1455 3900 {lfthflt‘nhlthltt}

318 3928 472 4003 oeperunt
485 3922 617 3985 furnum
632 3919 672 3984 de
686 3919 791 4003 Acley
806 3939 825 3983 a
839 3921 921 3984 festo
936 3920 1026 3984 Pent.
1042 3941 1136 3997 annu,
1151 3925 1221 3998 etc,
1232 3925 1334 3997 sexto,
1347 3941 1453 4006 usque

317 4006 358 4070 ad
373 4012 462 4070 term.
475 4007 585 4071 decem
602 4027 759 4070 annornm
774 4025 862 4090 prox.
879 4006 1116 4089 sequen.,1edd.
1132 4027 1163 4090 p.
1178 4028 1205 4071 a
1223 4013 1266 4070 2s.
1278 4045 1323 4055 —
1335 4007 1453 4092 Steph-

317 4112 399 4156 anus
415 4093 546 4175 Sabyrie
562 4093 646 4176 oepit
662 4094 675 4175 j
692 4093 810 4156 toltum
826 4112 964 4157 vacuum
979 4113 1044 4156 non
1059 4093 1252 4157 {edificatum
1267 4093 1307 4157 ad
1324 4094 1452 4160 exitum

316 4178 404 4242 villae
426 4178 466 4242 de
481 4177 591 4260 tholey,
608 4179 694 4244 redd.
715 4200 747 4263 p.
772 4198 799 4244 a.
826 4180 895 4244 lad
950 4179 1044 4244 Terra
1067 4179 1207 4244 Gallridi
1228 4186 1321 4265 capta
1344 4187 1399 4245 est
1422 4183 1451 4246 iu

316 4284 432 4329 manus
447 4264 588 4328 Domini

359 4366 544 4416 ...suoru
591 4350 675 4434 [One
704 4351 740 4414 ol
765 4351 821 4416 the
851 4351 1076 4436 Merringtons.
1120 4351 1268 4417 Another
1290 4357 1451 4420 succeeds.

314 4437 405 4502 Thon
426 4457 532 4501 comes
557 4437 735 4520 Fe1y,and
760 4437 840 4502 then
862 4438 1187 4523 Kirka-MeringtonJ.
1233 4439 1360 4502 Matild'
1386 4443 1450 4506 filia

312 4525 431 4610 Kynge
445 4544 503 4608 pro
518 4524 587 4608 leyr
603 4523 652 4590 od.
708 4523 794 4608 Pleg.
806 4524 971 4592 Willelmo
982 4524 1049 4590 filio
1065 4525 1161 4592 Petri.
1173 4563 1217 4573 —
1227 4525 1315 4592 Will
1329 4526 1449 4614 Kynge
