3278 5204
200 552 293 612 1368.
462 561 621 612 Hannoni
636 564 819 614 saloninus
834 565 1073 618 nunnnunnsls
1295 562 1331 620 71

197 725 269 783 tunt
284 720 354 804 [sie]
369 720 411 784 ad
426 720 605 803 proximam
619 721 648 786 si
663 723 686 786 J
688 721 830 788 ohannes
845 723 885 788 de
896 723 1055 809 Folaeeby
1066 728 1267 792 warreotavit
1277 730 1333 813 xvj

196 826 285 872 aeras
299 811 392 871 terrae
402 807 497 890 plene
511 807 553 871 ad
565 827 648 891 opus
659 808 761 892 ipsius
775 809 800 873 J
800 809 936 876 ohannis
950 811 983 876 N
983 811 1078 876 ikson
1092 833 1190 896 quam
1204 813 1334 880 deberet

196 893 366 976 reliquisse
391 914 428 958 eo
453 894 541 976 quod
565 894 601 977 iij
627 914 707 960 aerae
729 895 806 960 inde
834 916 901 962 non
926 902 1004 962 sunt
1028 904 1208 964 wareetatee
1237 906 1333 984 prout

194 978 281 1042 idem
307 979 474 1045 Johannee
495 980 641 1064 queritur
666 987 699 1046 et
724 981 753 1047 si
774 986 833 1048 eto.
863 987 897 1048 et
920 985 1068 1067 praesant'
1089 985 1129 1050 ed
1155 1006 1244 1070 prox.
1287 987 1332 1052 Et

195 1067 298 1129 esiam
311 1066 495 1150 injunctum
517 1071 567 1131 est
581 1067 702 1132 eisdem
717 1069 804 1152 quod
817 1069 984 1152 inquirant
998 1075 1031 1135 et
1045 1077 1240 1154 presentant
1260 1073 1331 1160 [ado]

195 1152 236 1215 ad
251 1172 339 1235 prox„
354 1173 391 1218 m
401 1158 560 1236 quantum
574 1154 764 1219 moremium
778 1161 901 1220 tenurae
914 1156 1017 1240 ipsius
1031 1158 1055 1222 J
1055 1157 1191 1224 ohannis
1202 1160 1236 1224 N
1236 1159 1331 1224 ikson

194 1237 404 1304 deterioretur
424 1240 461 1302 in
481 1244 597 1304 tenura
617 1241 778 1306 Johannis
799 1242 959 1326 Folaeeby
973 1248 1007 1308 ot
1023 1245 1171 1327 praesent’
1185 1245 1227 1309 ad
1240 1266 1330 1329 prox.

193 1324 235 1388 ad
258 1344 331 1407 quoe
352 1326 492 1410 dampna
513 1331 572 1392 eto.
595 1362 609 1375 ·
631 1363 645 1376 ·
667 1363 681 1376 ·
704 1327 940 1392 Oonoordatum
965 1336 1017 1394 est
1040 1331 1126 1396 inter
1146 1332 1330 1398 Johannem

193 1410 322 1475 Nikson
344 1417 377 1476 et
398 1412 582 1478 dohannem
603 1413 644 1478 de
668 1414 829 1498 Folaeeby
844 1415 884 1480 de
905 1421 1020 1480 tenura
1042 1417 1144 1500 ipsius
1168 1418 1329 1484 Johannis

192 1496 234 1561 de
262 1498 422 1582 Fol'aoeby
447 1520 546 1583 quam
574 1500 747 1584 praediotus
775 1501 940 1566 Johannes
970 1502 1098 1570 Nikson
1127 1505 1215 1588 oepit
1242 1505 1330 1589 quod

194 1585 368 1667 praedietus
382 1587 406 1651 J
407 1587 548 1652 ohannes
562 1587 597 1651 N
596 1587 691 1652 ikson
704 1587 865 1671 reparabit
878 1588 1012 1654 aedifioia
1025 1590 1186 1673 praediotae
1207 1597 1336 1657 tenurae

194 1673 379 1755 sumptibus
394 1672 460 1740 suis
475 1673 613 1758 propriis
628 1680 661 1739 et
675 1673 767 1738 dabit
780 1674 933 1758 praedicto
947 1677 971 1741 J
972 1675 1093 1740 ohanni
1114 1677 1154 1742 de
1168 1678 1329 1762 Folaeeby

195 1761 262 1822 40s.
285 1778 343 1841 pro
365 1759 517 1843 oustagiis
543 1760 619 1838 suis,
642 1760 703 1824 vin.
731 1766 797 1826 20s.
820 1761 861 1826 ad
886 1761 1005 1827 festum
1031 1762 1062 1828 S.
1085 1763 1221 1827 Martini
1243 1785 1328 1829 anno

193 1843 330 1907 Domini
355 1851 414 1910 eto.
437 1846 524 1910 lxix⁰
549 1852 582 1910 et
604 1847 770 1912 residuum
796 1847 837 1910 od
861 1848 945 1912 festa
966 1849 1056 1912 Pent.
1081 1854 1114 1912 et
1136 1849 1166 1915 S.
1192 1849 1328 1915 Martini

192 1935 273 1994 tune
287 1951 375 2014 prox.
391 1933 562 2016 sequenoie
575 1933 610 1996 in
625 1953 702 1998 casu
721 1933 807 2016 quod
821 1933 1007 2017 praedictam
1021 1940 1169 1999 tenuram
1187 1937 1328 2002 tonuerit

192 2021 289 2099 prout
303 2017 395 2082 iliam
409 2019 502 2102 oepit
546 2021 590 2084 Et
605 2020 634 2083 si
648 2040 720 2084 eam
735 2020 893 2084 dimiserit
907 2020 1069 2086 Dominus
1091 2021 1181 2086 Prior
1195 2023 1328 2088 habebit

192 2103 362 2186 praedictas
387 2111 453 2170 40s.
479 2111 538 2170 eto.
594 2105 694 2189 [Here
718 2107 747 2172 is
773 2126 793 2169 a
817 2105 906 2170 hand
933 2107 969 2171 in
992 2106 1049 2173 the
1075 2109 1220 2193 margin]
1275 2110 1327 2174 De

191 2190 325 2271 praefato
338 2191 361 2255 J
363 2191 489 2256 ohanne
509 2193 543 2255 N
544 2192 638 2256 ikson
652 2212 710 2276 pro
724 2192 877 2276 praedioto
896 2200 1010 2258 tenura
1023 2193 1171 2260 habenda
1185 2195 1328 2262 solvend'

98 2338 104 2346 ,
192 2274 236 2339 ad
250 2276 369 2341 festum
384 2279 474 2342 Pent.
491 2298 575 2342 anno
590 2284 648 2344 ete.
663 2279 757 2362 lxxj0,
774 2284 838 2344 l3e.
856 2278 905 2343 4d.

237 2363 413 2428 sornwrr.
457 2366 509 2429 De
523 2365 662 2430 Roberto
685 2365 802 2449 Smyth
818 2366 896 2449 quia
916 2365 1099 2433 tabernavit
1119 2368 1326 2434 medietatem

191 2449 290 2513 unius
312 2451 376 2514 ten’
390 2450 504 2516 Alioise
527 2452 709 2536 Brounyng
732 2452 774 2517 ad
795 2457 885 2516 term.
900 2451 977 2516 vitae
997 2453 1101 2536 ipsius
1123 2454 1236 2520 Alioiee
1257 2456 1327 2520 sine

190 2535 329 2599 lieeneie
357 2537 498 2601 Domini.
554 2538 632 2601 Ideo
662 2539 729 2622 eap'
760 2546 810 2602 est
838 2539 873 2602 in
903 2559 1001 2603 manu
1030 2540 1166 2605 Domini
1195 2547 1227 2606 et
1256 2541 1326 2626 ipse

190 2622 351 2687 Robertus
364 2623 400 2686 in
415 2623 638 2689 misericordia

234 2708 443 2773 Wrersrow.
497 2711 548 2774 De
574 2711 813 2776 Communitate
839 2711 961 2776 villatae
990 2731 1047 2795 pro
1075 2713 1326 2796 transgressione

191 2794 278 2858 faeta
292 2795 328 2858 in
343 2795 427 2859 blad’
441 2797 576 2860 Domini
598 2797 639 2860 ed
652 2797 832 2862 vadenoiam
853 2818 899 2862 xv
912 2798 1098 2864 thravarum
1120 2799 1270 2881 pisarum,
1286 2800 1326 2864 de

191 2881 409 2946 misericordia
426 2883 496 2947 lad,
508 2921 551 2931 -
563 2884 743 2968 Margareta
758 2885 798 2949 de
813 2884 933 2948 Tudow
947 2884 1034 2968 oepit
1048 2904 1150 2948 unum
1165 2886 1325 2967 eote-glum

190 2968 277 3050 quod
291 2968 314 3032 J
315 2968 456 3032 obarmes
470 2970 692 3053 quondamvir
706 2991 784 3035 suus
795 2971 886 3054 priua
901 2971 1007 3034 tenuit
1018 2975 1051 3033 et
1065 2970 1151 3053 quod
1162 2971 1325 3053 quondam

189 3053 227 3116 in
248 3058 364 3118 tenure
377 3055 537 3120 Willelmi
551 3055 730 3139 Meymond
751 3063 789 3122 ut
803 3057 843 3122 de
861 3057 934 3139 jure
948 3055 1054 3120 viduae
1069 3056 1110 3120 ad
1125 3062 1215 3121 term.
1230 3058 1324 3122 vitae:

190 3139 327 3204 habend’
340 3146 372 3204 et
382 3142 455 3219 ten’‚
469 3142 555 3206 redd.
567 3148 600 3207 et
610 3143 757 3208 faciendo
768 3144 804 3207 in
816 3143 964 3208 omnibus
975 3148 1071 3226 prout
1081 3143 1131 3207 vir
1145 3164 1223 3208 suus
1234 3144 1323 3227 prius

189 3226 296 3290 reddit
311 3228 443 3292 etfacit.
482 3229 570 3314 Pleg.
584 3266 598 3276 -
612 3267 627 3276 -
641 3230 685 3294 Et
699 3230 755 3294 dat
773 3250 830 3314 pro
845 3228 987 3314 gres'm’a
1010 3229 1099 3294 40d:
1126 3230 1325 3296 condonatur

188 3332 248 3395 per
260 3315 436 3378 terrarium.

235 3399 384 3464 Hannon.
428 3401 544 3465 Emma
573 3422 645 3485 quae
665 3402 730 3466 fuit
759 3421 841 3465 uxor
867 3402 1005 3467 Walteri
1031 3402 1209 3486 Swynherd
1234 3405 1325 3469 venit

189 3485 226 3547 in
248 3487 312 3550 our'
339 3493 372 3552 et
396 3487 482 3571 oepit
507 3508 611 3555 unum
635 3488 831 3572 bandugium
856 3489 943 3572 quod
968 3489 1139 3573 praediatus
1161 3490 1324 3555 Walterus

189 3573 353 3654 quondam
367 3573 418 3636 vir
432 3594 509 3638 suus
531 3575 620 3657 prius
634 3575 760 3638 tenuit:
786 3574 924 3639 habend’
944 3582 977 3640 et
998 3575 1063 3640 ten'
1078 3577 1119 3641 ed
1140 3582 1230 3641 term.
1246 3578 1324 3642 vitae

189 3677 257 3722 suae
271 3664 309 3722 ut
324 3659 364 3724 de
375 3661 447 3743 jure
461 3660 587 3724 viduae:
608 3660 694 3726 redd.
711 3660 868 3725 scaccario
883 3661 1003 3726 Prioris
1018 3662 1170 3727 Dunelm'
1189 3668 1254 3727 26s.
1273 3663 1322 3727 ad.

189 3750 222 3808 et
236 3753 406 3829 argentum
427 3747 571 3810 terrarii:
596 3747 779 3831 incipiendo
803 3746 889 3831 [eto]
906 3785 919 3796 -
935 3785 949 3797 ·
963 3749 1007 3812 Et
1028 3748 1084 3812 dat
1103 3768 1160 3830 pro
1181 3749 1324 3830 gres’m'a

188 3851 211 3894 v
233 3851 373 3896 mareas:
406 3837 439 3896 et
464 3833 663 3897 condonatur
685 3833 727 3896 ad
755 3839 819 3897 l3s.
848 3834 898 3899 dd.
923 3840 956 3898 et
981 3833 1150 3916 non-plus,
1172 3853 1209 3897 eo
1236 3835 1322 3917 quod

189 3917 360 3982 aedificavit
375 3924 408 3984 et
422 3939 487 3982 non
501 3920 609 3984 tenuit
622 3919 687 3984 nisi
700 3940 758 4003 per
770 3919 805 4003 iij
823 3939 931 3986 annos.

232 4004 368 4071 Sonans,
412 4006 496 4071 Ten’.
543 4006 655 4070 Unum
676 4008 740 4070 ten’
756 4027 827 4090 quae
843 4007 912 4090 [eie]
928 4007 991 4071 fuit
1005 4006 1040 4069 in
1061 4011 1178 4072 tenura
1192 4007 1323 4074 Thomae

186 4090 227 4154 de
242 4091 371 4175 Whitly
385 4091 572 4158 saisisantur
587 4093 656 4176 [sie]
671 4092 707 4156 in
728 4112 827 4156 manu
841 4091 976 4157 Domini
989 4092 1067 4175 quia
1088 4093 1258 4160 defunctus
1274 4102 1323 4161 est

185 4183 284 4261 prout
308 4184 508 4261 compertum
531 4179 639 4243 estin
662 4179 758 4242 ouria.
802 4179 846 4242 Et
869 4179 1034 4244 sciendum
1059 4180 1145 4263 quod
1165 4183 1323 4264 juratores

187 4264 302 4329 dieunt
316 4265 403 4348 quod
413 4266 501 4329 valet
511 4287 540 4349 p.
553 4285 580 4328 a.
594 4265 665 4328 40d.
676 4304 719 4314 -
731 4265 815 4329 Ten.
846 4265 959 4330 Unum
972 4267 1037 4331 ten’
1049 4287 1121 4350 quae
1133 4267 1202 4351 [sio]
1214 4269 1278 4334 fuit
1288 4269 1324 4332 in

185 4357 301 4416 tenura
323 4351 404 4416 Adae
426 4351 466 4415 de
488 4353 616 4416 Harton
637 4350 826 4416 eeisisantur
847 4352 918 4435 [sio]
933 4353 969 4416 in
989 4373 1089 4417 manu
1103 4354 1174 4437 [sio]
1189 4355 1323 4418 Domini

185 4437 264 4520 quia
278 4437 461 4503 deffunotus
476 4445 526 4503 est
539 4444 635 4522 prout
645 4443 845 4521 compertum
861 4439 956 4503 estin
970 4439 1065 4504 ouria.
1103 4440 1146 4504 Et
1156 4440 1323 4504 sciendum

186 4523 273 4606 quod
281 4523 439 4605 juratores
451 4524 565 4589 dieunt
576 4524 662 4608 quod
676 4525 764 4589 valet
774 4545 804 4608 p.
816 4545 842 4589 a.
857 4529 900 4590 bs.
913 4559 957 4571 —
970 4525 1080 4590 Unum
1093 4527 1157 4591 ten’
1168 4546 1241 4609 ques
1252 4525 1322 4610 [sie]

184 4610 250 4674 fuit
264 4610 301 4674 in
322 4615 437 4674 tenura
458 4611 541 4694 Agn’
558 4611 598 4676 de
620 4612 769 4676 Barthew
785 4611 973 4677 eeisisantur
988 4612 1059 4695 [sie]
1081 4612 1116 4674 in
1138 4632 1237 4676 manu
1252 4611 1322 4696 [sto]
