3224 5212
327 563 387 622 162
576 577 733 624 emtore
755 577 937 624 remeares
960 575 1200 626 pertemere.
1368 563 1456 622 1380:

369 733 517 797 DALTON.
563 734 614 800 De
637 735 711 800 Joh.
734 735 868 800 Douson
890 735 967 819 quie
993 735 1098 798 noluit
1123 754 1253 817 operare
1279 733 1321 796 ad
1344 753 1450 796 maner

327 825 422 902 prout
437 820 608 886 tenebatur
622 821 754 898 solvere,
770 822 811 885 ad
826 823 931 906 damp.
947 821 1028 886 firm.
1044 822 1089 904 xij
1102 821 1141 896 d,
1156 820 1197 884 de
1211 820 1286 883 m'ia
1302 819 1374 902 vjd

369 907 620 973 Enuonnernne.
663 909 686 973 J
688 907 738 974 oh.
755 909 863 972 Edeon
879 909 930 992 ej
955 915 1015 972 ent
1038 909 1070 991 vj
1088 928 1134 972 ee.
1149 914 1206 972 ter.
1221 906 1280 970 ult.
1297 907 1333 970 in
1348 914 1456 970 tenura

325 991 425 1056 Alani
440 994 555 1074 Hird.;
576 995 649 1060 hab.
665 995 707 1060 ad
723 1003 812 1060 term.
828 996 905 1060 vitae
925 1015 1000 1070 euae,
1015 994 1100 1058 redd.
1124 1015 1154 1077 p.
1179 1015 1205 1058 a.
1221 994 1257 1078 iij
1269 1015 1303 1070 s.,
1318 1001 1351 1058 et
1365 994 1456 1058 faciet

326 1080 409 1144 dom.
425 1087 458 1146 et
473 1082 589 1148 vicinis
605 1103 678 1167 quae
692 1083 888 1146 incumbunt
901 1119 912 1132 ·
928 1118 941 1132 ·
957 1081 1101 1147 Gree'ma
1115 1082 1137 1164 ij
1149 1102 1172 1146 e.

374 1259 465 1320 1380.
489 1255 662 1339 I.—Apnd
692 1257 798 1321 Hebn.
852 1255 1000 1338 Haedinq
1021 1255 1458 1340 praedamnantem

326 1342 350 1406 J
352 1341 401 1406 oh.
418 1341 592 1424 Berynton‚
607 1349 679 1408 terr.
696 1343 728 1408 T.
745 1343 886 1426 Oorbrig,
902 1343 987 1406 bure.

372 1428 508 1493 Suntne.
552 1429 642 1494 wilt
667 1430 708 1494 de
737 1431 908 1515 Lyndesay
930 1430 1058 1494 invenit
1081 1429 1164 1514 pleg.
1188 1428 1229 1492 ed
1253 1427 1399 1511 respond.
1422 1425 1460 1490 de

328 1521 424 1580 trena.
440 1515 527 1580 fecte
540 1517 683 1593 messori,
698 1524 731 1582 et
753 1518 855 1582 eciem
876 1537 933 1600 pro
956 1523 1052 1580 trane.
1069 1517 1156 1580 facta
1177 1516 1213 1578 in
1237 1514 1268 1580 le
1295 1517 1462 1597 Conynger

328 1621 403 1665 oum
417 1622 495 1666 arcu
510 1623 576 1668 eno.
621 1603 673 1668 De
694 1603 768 1668 Joh.
783 1604 902 1668 Hilton
918 1606 985 1668 and
1005 1605 1055 1667 ain
1075 1603 1176 1667 others
1196 1623 1255 1686 pro
1278 1623 1337 1666 ass.
1354 1601 1461 1665 cervis.

327 1687 414 1752 Four
427 1709 486 1773 pro
501 1689 589 1774 leym,
603 1691 671 1754 and
686 1698 744 1754 two
758 1712 817 1774 pro
832 1691 949 1756 merch.

372 1776 552 1845 Surnwrrr.
598 1779 668 1842 Jur.
684 1783 883 1861 praesentent
904 1777 990 1861 quod
1012 1777 1087 1842 Join
1103 1777 1144 1841 de
1163 1776 1330 1840 Thornton
1352 1795 1463 1858 appro-

329 1863 448 1947 priavit
463 1864 526 1929 sibi
548 1865 634 1949 apud
649 1866 680 1929 le
696 1865 853 1949 Tyndlaw
867 1865 908 1928 de
923 1872 982 1930 ter.
998 1864 1080 1928 dom.
1097 1864 1227 1940 Prioris,
1244 1863 1284 1926 ad
1299 1871 1357 1926 ter.
1374 1882 1463 1926 suem

329 1951 370 2014 di.
386 1951 451 2016 rod.
468 1951 614 2016 seminat.
638 1973 713 2016 enm
735 1951 857 2027 aveniS,
871 1951 944 2016 ideo
966 1951 1064 2016 eeieit
1081 1957 1131 2015 est
1152 1951 1188 2014 in
1210 1971 1311 2014 manu
1325 1951 1420 2025 dom„
1434 1954 1465 2012 et

328 2045 458 2102 venture
471 2039 547 2104 inde
562 2039 764 2123 appreciatur
778 2039 819 2103 ad
835 2035 929 2122 xiiijd.

371 2125 583 2190 Wnnmourir.
629 2126 680 2190 De
706 2126 780 2191 Joh.
809 2126 921 2191 Carter
944 2145 1001 2208 pro
1028 2124 1121 2190 freth.
1145 2124 1236 2189 fraet.
1259 2124 1295 2186 in
1317 2123 1348 2186 le
1372 2122 1464 2186 Lech.

329 2210 485 2275 Dimissio
507 2213 619 2294 piscar.
635 2217 669 2276 et
689 2213 826 2277 molend.
842 2214 894 2296 (ia
908 2212 1074 2294 maryina),
1095 2211 1118 2275 J
1120 2211 1169 2277 oh.
1186 2210 1278 2286 Reid,
1292 2210 1402 2273 Adam
1415 2208 1464 2275 ·fil.

328 2298 396 2361 Rie.
413 2304 447 2361 et
467 2298 490 2362 J
492 2297 542 2362 oh.
557 2299 600 2361 fit
616 2299 699 2362 Adae
717 2300 787 2383 jun.
804 2305 958 2383 oeperunt
972 2299 1083 2382 piscar.
1100 2298 1141 2362 de
1157 2299 1261 2375 were,
1279 2304 1312 2361 et
1325 2297 1464 2362 molend.

330 2383 370 2448 de
388 2383 548 2466 Suthwyk
571 2384 612 2448 ad
635 2391 725 2450 term.
740 2387 776 2469 iij
801 2407 850 2450 an.
862 2409 870 2466 ;
893 2385 979 2450 redd.
1003 2385 1079 2449 inde
1101 2385 1159 2468 viij
1176 2385 1209 2450 li.
1233 2385 1290 2466 xiij
1304 2405 1328 2448 s,
1344 2390 1464 2466 argent.

329 2471 373 2534 Et
387 2470 483 2554 pred.
499 2471 572 2536 Joh.
588 2472 695 2535 Adam
707 2480 741 2537 et
755 2473 778 2536 J
780 2472 829 2537 oh.
845 2475 954 2537 omnia
965 2472 1142 2537 necessaria
1158 2472 1199 2536 ad
1213 2473 1309 2555 praed.
1326 2470 1464 2539 molend.

329 2558 497 2622 invenient
511 2565 608 2642 prout
622 2558 679 2622 alii
694 2560 836 2626 firmarii.
853 2597 865 2608 -
882 2597 894 2610 ·
941 2560 1019 2644 [rte
1027 2581 1094 2643 pen
1108 2559 1146 2642 of
1156 2560 1205 2624 the
1219 2560 1314 2623 scribe
1330 2560 1358 2622 ie
1373 2559 1466 2642 after-

330 2645 435 2709 wards
449 2646 562 2708 drawn
576 2646 710 2728 thrmrple
725 2647 788 2710 rats
802 2647 912 2732 entra]

373 2733 544 2797 Futwntr.
574 2733 625 2798 De
639 2733 729 2798 wilt
745 2735 789 2798 fil.
804 2734 886 2798 Adae
901 2755 959 2819 pro
973 2734 1084 2797 lieene.
1100 2732 1304 2816 permutandi
1316 2733 1329 2814 j
1346 2753 1392 2795 ae.
1409 2737 1466 2796 ter.

330 2840 405 2884 eum
420 2820 443 2884 J
444 2820 494 2884 oh.
510 2820 644 2884 Dauson
659 2821 741 2904 proj
758 2841 804 2885 ac.
823 2826 880 2887 ter.
898 2821 933 2884 in
949 2821 1149 2896 Wermouth‚
1159 2840 1233 2904 quae
1246 2819 1379 2904 quidem
1395 2839 1465 2902 per·

330 2907 472 2971 mutacio
483 2907 593 2972 cedere
605 2907 708 2990 possit
721 2909 756 2972 in
768 2908 888 2971 eomod.
905 2908 998 2983 dem,
1006 2913 1102 2990 prout
1113 2914 1264 2990 compert.
1277 2914 1326 2970 est
1336 2926 1395 2989 per
1402 2909 1464 2989 jur.

374 2994 526 3058 HARTON.
572 2994 710 3058 Thomas
732 2994 775 3058 fil.
792 2994 866 3058 Joh.
882 2995 925 3060 fil.
941 2994 1027 3060 Will.
1042 2994 1145 3058 Werd
1164 2994 1275 3076 eepitj
1293 2993 1387 3057 bend.
1407 2993 1463 3056 ult.

330 3081 367 3144 in
378 3088 441 3145 ten.
454 3081 531 3164 Rog.
544 3081 645 3144 Ward
657 3081 697 3145 ad
710 3101 814 3164 opera,
824 3081 883 3147 viz.
893 3090 1008 3146 vocata
1017 3082 1181 3164 Average;
1204 3081 1275 3144 heb.
1288 3080 1328 3144 ad
1341 3080 1463 3144 volunt
1590 3059 1591 3096 d

331 3168 424 3244 dom„
439 3167 516 3250 quia
538 3169 687 3248 nativus;
708 3168 795 3232 redd.
818 3189 877 3251 pro
896 3169 910 3251 j
934 3189 985 3234 an.
1001 3169 1055 3252 xvj
1073 3189 1097 3232 s.
1120 3174 1153 3232 et
1168 3175 1289 3250 argent.
1306 3165 1377 3252 [sie]
1394 3174 1427 3231 et
1441 3168 1463 3251 ij

332 3275 381 3317 an.
397 3275 465 3316 xxx
475 3274 498 3352 e.
515 3261 549 3317 et
568 3263 689 3338 argent.
706 3255 800 3332 Tem,
815 3264 849 3319 et
871 3255 917 3320 sie
939 3256 979 3320 de
1002 3277 1051 3320 an.
1067 3255 1168 3318 inan.
1184 3255 1345 3338 usquead
1366 3255 1464 3318 finem

332 3347 605 3491 πΘ11111111111111ο11.
649 3428 701 3491 De
715 3428 822 3492 Alicia
833 3427 931 3492 reliet.
942 3429 965 3493 J
967 3429 1015 3492 oh.
1028 3429 1068 3492 de
1077 3428 1146 3492 Lile
1161 3447 1218 3511 pro
1230 3429 1243 3511 j
1261 3434 1466 3512 purpreeture

332 3513 418 3577 faeta
432 3513 519 3596 apud
533 3512 564 3578 le
580 3514 743 3578 Halleeon.
754 3551 798 3562 —
809 3516 860 3580 De
875 3516 942 3580 Ric.
958 3515 1139 3579 Widoueon
1153 3535 1210 3598 pro
1229 3516 1242 3597 j
1260 3523 1466 3598 purprestura

334 3601 421 3685 apud
450 3601 826 3684 Fernysid.—Injunct.
854 3609 904 3666 est
933 3603 1014 3668 firm.
1044 3603 1189 3679 manerii,
1211 3601 1298 3685 quod
1327 3603 1466 3686 reparari

333 3689 455 3752 facient
470 3688 650 3752 manerium
671 3688 712 3752 de
734 3689 934 3772 Estraynton
963 3690 1044 3754 eitra
1065 3709 1154 3772 prox.
1185 3709 1259 3766 eur„
1281 3690 1342 3753 sub
1372 3708 1467 3772 poene

331 3796 641 3928 ιχ1811111111111011.
687 3863 754 3927 Rie.
771 3864 893 3927 Batson
915 3883 940 3927 0.
960 3864 974 3946 j
991 3883 1083 3926 mese.
1101 3862 1181 3945 xviij
1205 3883 1250 3927 ec.
1273 3862 1309 3944 iij
1333 3883 1361 3926 n
1380 3862 1416 3925 in
1438 3863 1468 3926 le

334 3950 481 4030 Lemsid3
503 3950 575 4014 hab.
599 3951 640 4016 ad
661 3955 753 4015 term.
774 3951 851 4014 vitae
873 3969 948 4026 suae,
964 3949 1049 4014 redd.
1072 3971 1103 4032 p.
1127 3970 1154 4014 a.
1178 3950 1210 4033 xj
1222 3970 1255 4026 1.,
1270 3949 1356 4033 quod
1378 3950 1468 4032 prius

332 4036 474 4099 reddidit
488 4037 533 4118 xij
547 4057 570 4101 e.

378 4122 600 4186 ninneton.
644 4122 732 4187 wilt
756 4124 872 4208 Henry
894 4122 1101 4188 molendinat.
1126 4122 1212 4206 apud
1235 4123 1428 4207 Pittyngton
1443 4143 1466 4188 e.
1588 4133 1589 4148 ¹

335 4208 472 4273 molend.
489 4209 529 4272 de
544 4210 745 4294 Pittyngton,
761 4232 780 4275 a
795 4213 865 4276 feet.
883 4212 912 4275 S.
929 4211 1034 4275 Merei
1055 4225 1117 4274 an.
1137 4215 1231 4287 1380,
1242 4212 1301 4294 soa·
1316 4233 1371 4276 one
1385 4230 1467 4292 year,

332 4293 417 4360 redd
432 4295 481 4381 liij
491 4315 515 4361 e.
527 4295 575 4379 iiij
587 4293 615 4359 d

378 4369 609 4447 Bdnrmmn.
656 4382 850 4448 Ordinatum
865 4391 915 4448 eet
930 4404 970 4446 ex
986 4404 1064 4450 eom.
1076 4404 1219 4462 assensn,
1231 4385 1317 4468 quod
1329 4384 1467 4468 quilibet
1583 4433 1586 4444 .

334 4490 443 4535 eorum
463 4471 585 4535 faciant
607 4469 715 4536 fossat.
731 4473 815 4536 eirca
836 4471 868 4535 le
889 4471 1118 4548 Wethermere‚
1133 4491 1191 4554 pro
1213 4479 1304 4555 perte
1324 4492 1391 4548 sue,
1406 4473 1465 4536 eub

332 4578 428 4641 poena
455 4558 488 4621 xl
498 4558 526 4622 d.
554 4557 696 4623 solvend.
724 4559 898 4624 eta-De
926 4557 992 4624 Ric.
1020 4557 1154 4622 Walker
1176 4579 1233 4642 pro
1259 4566 1355 4623 tinne.
1382 4559 1466 4623 faeta
