3276 5210
312 584 353 643 48
571 591 1183 656 mauorarmoparusnuunuunusrs.
1354 582 1448 642 1365.

312 751 376 816 ten'
398 751 438 815 ad
465 755 556 815 term.
578 750 655 813 vitae
677 769 761 814 suae:
786 749 873 815 redd.
897 750 1054 814 scaccario
1079 749 1232 815 Dunelm'
1260 751 1304 816 ts.
1331 749 1389 829 od„
1413 757 1449 816 et

314 838 386 902 aod.
411 837 543 901 terrario
571 836 722 900 Dunolm'
748 837 806 922 qui
829 857 888 921 pro
916 842 1060 921 tempore
1088 837 1194 900 fuerit
1238 838 1282 901 Et
1310 836 1449 920 incipiet

311 925 434 989 solvere
455 923 498 988 ad
518 924 639 988 festum
654 925 744 988 Pent.
767 924 863 987 Anno
878 924 1013 988 Domini
1035 928 1094 988 etc.
1115 923 1448 1008 lxvijm0P1eg.[erc.]

311 1013 355 1075 Et
366 1010 537 1074 edificabit
552 1030 651 1073 unam
665 1010 798 1074 domum
811 1009 1032 1086 sufficientem,
1046 1010 1131 1074 infna
1145 1009 1224 1074 duos
1240 1030 1350 1088 annos,
1365 1010 1406 1074 de
1420 1010 1445 1094 ij

312 1097 408 1181 copul
430 1097 470 1161 de
491 1097 567 1161 siles
589 1117 669 1182 quas
695 1116 771 1160 cum
792 1097 890 1161 firstis
917 1102 950 1160 et
972 1097 1050 1160 ribis
1075 1096 1208 1161 habebit
1229 1096 1268 1161 de
1293 1097 1447 1162 meremio

312 1183 447 1248 Domini
468 1188 501 1248 et
522 1183 594 1247 ediis
615 1183 858 1267 pertinentibus.
903 1184 947 1247 Et
962 1182 1018 1248 dat
1031 1203 1089 1266 pro
1110 1184 1244 1267 gres'me
1261 1182 1348 1248 rad:
1371 1204 1447 1248 con-

312 1271 452 1335 donatur
464 1290 522 1353 per
535 1271 712 1335 terrarium.

356 1358 504 1420 ΗΜΘΝ.
550 1356 758 1439 Compertum
778 1361 829 1421 est
850 1375 907 1438 per
924 1356 987 1440 J'ur'
1002 1355 1089 1439 quod
1110 1355 1151 1420 di
1168 1357 1267 1440 cctag'
1283 1355 1447 1439 quondam

312 1443 349 1506 in
362 1447 477 1506 tenura
491 1442 650 1507 Willclmi
664 1443 774 1507 Berier
787 1443 874 1527 quod
896 1443 983 1526 cepit
1004 1443 1046 1507 ad
1066 1447 1156 1506 term.
1172 1464 1194 1506 v
1208 1463 1374 1521 annorum,
1389 1443 1448 1526 qui

313 1529 471 1594 terminus
486 1535 535 1593 est
546 1530 682 1613 elapsum,
693 1529 903 1594 deterioratur
916 1529 953 1593 in
962 1536 1077 1593 tenura
1088 1529 1233 1612 praedicti
1243 1529 1403 1593 Willclmi
1414 1535 1448 1593 et

312 1615 354 1680 ad
369 1615 548 1680 valenciam
569 1617 713 1699 quinque
735 1615 919 1692 solidorum,
933 1616 1020 1680 unde
1041 1615 1175 1681 Juliana
1196 1615 1263 1680 filia
1284 1615 1447 1681 Johannis

314 1702 432 1786 Smyth
446 1707 597 1766 oneratur
617 1703 745 1768 de18d.
765 1723 823 1786 pro
845 1708 988 1786 tempore
1003 1723 1068 1786 qua
1088 1702 1152 1766 fuit
1166 1708 1280 1767 tenens
1302 1703 1448 1786 ejusdem

313 1789 441 1853 dimidii
453 1790 598 1872 praedicti
622 1789 739 1873 cotegii
761 1809 801 1853 ex
823 1788 1010 1853 dimissione
1031 1789 1178 1872 praedicti
1192 1789 1358 1854 Willclmi
1402 1788 1448 1853 Et

313 1876 480 1940 sciendum
495 1877 581 1959 quod
595 1877 753 1941 Robertus
775 1875 975 1958 Malkynson
996 1880 1029 1939 et
1050 1875 1216 1940 Johannes
1239 1875 1356 1959 Smyth
1369 1881 1448 1939 sunt

313 1963 413 2047 plegii
426 1963 572 2046 praedicti
585 1963 744 2027 Willclmi
759 1969 792 2028 et
806 1963 846 2027 da
861 1963 1009 2046 dampnis
1023 1961 1185 2046 praedictis
1199 1961 1448 2045 respondebunt,

315 2054 349 2114 ct
370 2069 466 2132 super
486 2050 547 2113 hoc
569 2050 754 2132 injunctum
773 2054 823 2114 cst
837 2050 974 2113 Ricardo
994 2048 1148 2113 Firmario
1167 2054 1199 2112 et
1214 2049 1352 2113 Rcberto
1367 2067 1448 2131 prae-

314 2136 419 2220 posito
434 2135 521 2217 quod
542 2136 681 2218 reparari
701 2136 822 2200 iaciant
838 2135 1028 2219 praedictum
1049 2136 1210 2218 cotagium
1224 2155 1281 2218 per
1294 2134 1449 2219 praedicta

314 2221 455 2305 dampna
469 2222 550 2285 citra
563 2241 651 2304 prox.
667 2222 789 2286 curiam
803 2223 863 2285 sub
878 2241 973 2305 poena
989 2221 1030 2287 di.
1044 2241 1167 2286 marcae
1179 2255 1223 2266 -

359 2307 545 2371 Willclmus
574 2307 660 2371 filius
688 2307 849 2372 dohannis
872 2308 1024 2372 Wodkck
1049 2309 1136 2391 cepit
1157 2328 1261 2371 unum
1286 2307 1448 2390 cotagium

314 2394 403 2477 quod
431 2395 597 2459 iohannes
626 2394 759 2478 Philipp
794 2394 884 2478 prius
916 2395 1041 2459 tenuit:
1075 2394 1212 2459 habcnd
1249 2400 1283 2459 ct
1318 2393 1448 2458 tenend.

315 2481 441 2545 efecto
472 2480 503 2546 S.
529 2481 665 2544 Martini
693 2482 789 2544 Anno
813 2481 949 2546 Domini
970 2487 1027 2546 etc
1055 2480 1137 2546 1wi
1160 2501 1262 2564 usque
1292 2480 1333 2544 ad
1355 2485 1448 2546 term

316 2567 453 2631 duorum
467 2587 640 2631 annorum:
662 2567 747 2633 redd.
764 2569 931 2651 antiquam
952 2568 1077 2631 firmem
1099 2572 1132 2632 et
1145 2566 1291 2631 faciendo
1305 2567 1449 2631 Domino

315 2659 349 2718 ct
378 2654 494 2718 vicinis
523 2674 595 2737 quae
619 2654 821 2720 incumbunt.
864 2653 951 2738 Pleg.
977 2653 1061 2737 [etc]
1102 2655 1147 2717 Et
1171 2654 1337 2718 sciendum
1361 2654 1451 2738 quod

314 2740 469 2805 Ricardus
485 2739 607 2805 Firmer
628 2741 714 2824 cepit
728 2741 918 2824 praedictum
933 2741 1093 2824 cctagium
1114 2740 1156 2804 ad
1177 2740 1401 2805 edificandum
1416 2745 1451 2806 et

313 2826 398 2892 illud
412 2827 571 2892 aedificent
585 2828 642 2892 sed
657 2848 721 2892 non
741 2827 935 2892 sufficienter
948 2833 1044 2910 prout
1057 2827 1184 2907 dicitur,
1199 2848 1256 2911 pro
1271 2847 1336 2910 qua
1349 2827 1450 2891 cedifi-

171 2926 174 2931 “
313 2915 442 2980 cacione
457 2915 572 2979 habuit
586 2914 775 2998 praedictum
789 2914 950 2997 cctagium
971 2935 1028 2997 pro
1044 2914 1066 2997 ij
1091 2915 1183 2978 annis
1198 2914 1325 2996 elapsis.
1369 2913 1449 2977 Ideo

314 3001 499 3102 injunctum
509 3003 674 3152 {ffaedicw
700 3001 836 3102 Ricardo
860 3000 949 3151 guod
973 3001 1112 3151 repLarari
1136 3000 1233 3064 faciat
1258 2999 1451 3083 praedictum

313 3108 351 3152 co
417 3110 568 3153 umcrra
604 3111 669 3153 rore
686 3109 807 3153 currem
822 3108 859 3151 su
919 3107 993 3150 oena
1063 3107 1240 3150 marcae.—

352 3094 606 3240 tIiigelmorandurii
620 3175 707 3258 quod
729 3173 876 3257 quaedam
896 3107 1003 3257 glacia
1017 3181 1131 3237 vocata
1151 3173 1183 3236 lc
1204 3171 1357 3238 Neuland
1378 3192 1451 3236 con·

315 3261 439 3325 tinente
469 3262 540 3345 [sic]
564 3283 610 3345 111]
635 3281 723 3325 acrae
745 3282 802 3344 per
828 3261 1067 3325 estimacionem
1095 3260 1249 3344 pertinen.
1280 3259 1451 3323 dominicis

315 3366 414 3429 quam
433 3353 580 3411 tenentes
602 3347 742 3410 clamant
763 3347 880 3410 habere
901 3366 1105 3411 communem
1126 3352 1266 3430 pasturae
1287 3346 1329 3410 ad
1344 3345 1452 3410 averia

315 3453 376 3496 sua
404 3438 437 3497 et
468 3454 567 3516 quam
603 3432 761 3496 Ricardus
789 3434 912 3496 Firmer
948 3433 1027 3496 dicit
1056 3453 1125 3497 csse
1157 3432 1373 3516 pertinentem
1409 3432 1453 3496 ad

315 3524 464 3583 tenuram
479 3539 579 3596 suam,
594 3519 796 3603 appreciatur
809 3539 839 3602 p.
855 3539 882 3584 a
897 3519 939 3583 ed
956 3519 1026 3582 rad.
1041 3540 1121 3603 quos
1142 3519 1289 3603 praedicti
1302 3524 1451 3583 tenentes

315 3605 444 3670 solvant
457 3625 514 3689 pro
529 3606 592 3670 isto
607 3626 692 3669 anno
707 3605 842 3669 domodo
862 3605 932 3689 [cic]
949 3606 1128 3670 discussum
1142 3605 1239 3670 fuerit
1254 3606 1307 3669 cui
1320 3605 1453 3669 illorum

315 3692 457 3777 pertinet
471 3693 511 3757 de
522 3694 604 3778 jure.
615 3728 657 3738 —
669 3692 824 3757 Ricardus
846 3692 969 3756 Firmer
991 3693 1077 3776 capit
1091 3692 1132 3757 di
1149 3692 1249 3776 cotag’
1264 3692 1350 3776 quod
1365 3693 1453 3755 Mar-

315 3780 404 3866 goria
419 3781 571 3845 Kamster
584 3781 673 3865 prius
688 3778 811 3844 tenuit:
825 3778 1010 3843 habendum
1023 3800 1043 3843 a
1057 3779 1140 3843 festo
1156 3779 1185 3843 S.
1202 3779 1338 3842 Martini
1351 3778 1452 3842 Anno

317 3874 375 3933 etc.
390 3867 472 3931 1wi
486 3888 588 3950 usque
602 3867 644 3931 ad
658 3873 748 3931 term.
758 3866 834 3949 ij‘¹²¹¹‚1
848 3885 1025 3929 annorum:
1043 3865 1128 3931 redd
1144 3865 1312 3947 antiquam
1325 3865 1454 3928 firmam

317 3960 350 4019 et
373 3954 519 4019 faciendo
541 3954 682 4019 Domino
706 3957 739 4017 et
753 3952 869 4017 vicinis
888 3972 960 4035 quae
978 3952 1180 4018 incumbunt.
1224 3953 1268 4015 Et
1283 3950 1452 4015 sciendum

316 4041 403 4125 quod
431 4041 604 4123 praedictus
633 4039 789 4104 Ricardus
815 4038 948 4103 habebit
974 4043 1018 4102 de.
1045 4037 1086 4101 ad
1111 4039 1346 4122 reparacionem
1372 4038 1453 4102 dicti

317 4126 442 4209 cotegii,
464 4127 551 4190 unde
572 4127 609 4190 in
628 4146 728 4190 manu
749 4125 890 4189 Julianae
911 4125 987 4189 fiJiae
1007 4124 1168 4191 Johannis
1191 4124 1298 4190 Smith
1325 4123 1396 4188 l8d.
1419 4130 1453 4189 et

317 4213 482 4279 residuum
510 4213 547 4275 in
574 4232 673 4276 manu
701 4211 860 4274 Willclmi
889 4211 999 4276 Berier
1031 4218 1065 4275 et
1092 4210 1266 4296 praedictus
1295 4209 1452 4275 Ricardus

318 4298 509 4385 praedictum
523 4298 684 4381 cotagium
699 4296 893 4362 sufficienter
907 4298 1075 4382 reparabit.

361 4387 542 4449 Husmnuu.
594 4383 839 4448 Consideratum
868 4388 918 4449 est
945 4385 1033 4468 quod
1061 4384 1168 4448 Alicia
1195 4382 1263 4448 filia
1291 4383 1453 4448 Willclmi

315 4471 505 4540 Flescheucr
530 4470 696 4536 enecatrix
720 4471 907 4535 testamenti
931 4471 1077 4556 ejusdem
1102 4471 1260 4536 Willclmi
1285 4477 1453 4554 recuperet

316 4581 428 4626 versus
441 4558 625 4624 Johannem
645 4558 750 4623 filium
769 4557 899 4622 Thomae
917 4557 986 4624 15d.
1001 4578 1059 4641 pro
1073 4578 1182 4624 arcura
1202 4558 1300 4622 unius
1322 4577 1403 4622 acrae
1418 4562 1452 4622 ct
