3224 5212
168 583 262 643 1379.
431 594 591 642 HALMOTA
605 593 788 643 PRIORATUS
803 593 1044 643 DUNELMENSIS.
1246 583 1307 643 153

164 753 228 814 bus
242 751 381 834 negotiis
392 751 481 816 villae
496 759 529 816 et
544 772 602 836 pro
617 752 723 817 hirsill
738 758 772 816 et
786 753 908 818 custod.
924 752 1122 828 animalium,
1135 752 1196 816 sub
1211 772 1308 834 poena

165 839 202 901 xl
212 839 241 902 d.
258 839 401 902 solvend.
418 840 585 922 perillum
600 840 706 924 quiin
729 841 858 904 defectu
880 842 1046 923 reperitur.
1057 877 1101 888 -
1111 839 1253 903 Matilda
1267 840 1324 918 de¹

165 926 317 989 Howden
339 925 438 989 habet
460 927 547 990 diem
569 927 611 991 ad
633 927 767 990 faciend.
783 927 887 1010 legem
907 947 999 991 suam
1014 947 1089 990 cum
1103 926 1136 1008 vj
1153 947 1252 990 manu
1268 927 1308 991 ad

163 1033 255 1096 prox.
271 1033 336 1076 cur.
353 1034 390 1076 eo
402 1014 488 1096 quod
503 1011 569 1078 non
581 1015 677 1097 fregit
691 1015 941 1078 convencionem
952 1033 1064 1078 versus
1079 1013 1102 1077 J
1103 1013 1152 1077 oh.
1169 1013 1209 1078 de
1224 1015 1307 1096 Fery

165 1106 265 1182 prout
275 1100 370 1183 praed.
383 1100 405 1164 J
408 1101 457 1163 oh.
473 1101 621 1184 queritur
635 1102 675 1165 de
690 1101 786 1184 praed.
803 1101 942 1165 Matilda
954 1101 994 1164 de
1009 1102 1099 1176 bras,
1109 1100 1196 1164 unde
1211 1101 1305 1184 praed.

165 1187 190 1250 J
191 1187 240 1249 oh.
258 1187 391 1268 admisit
407 1186 475 1273 [sic]
490 1189 670 1270 proficuum
686 1188 725 1251 ad
742 1188 847 1270 damp.
863 1209 885 1250 x
897 1209 920 1252 s.

211 1275 350 1337 Wusuu.
387 1275 439 1339 De
461 1276 601 1360 Hugone
624 1275 716 1338 Paite
738 1295 775 1339 eo
799 1275 884 1358 quod
907 1275 970 1338 fuit
993 1273 1156 1339 errebellis
1180 1274 1249 1358 [sic]
1271 1274 1306 1338 in

167 1361 258 1423 curia
272 1362 308 1424 in
328 1363 503 1444 praesencia
518 1363 602 1427 dom.
618 1361 739 1426 Prioris
755 1383 800 1424 xx
811 1381 854 1426 a:
877 1363 1077 1426 condonatur
1091 1381 1149 1444 por
1163 1362 1307 1426 Priorem

164 1468 270 1530 usque
283 1448 318 1510 xl
328 1449 357 1511 d.
392 1449 582 1530 Injunotum
594 1457 644 1513 est
659 1449 798 1513 Roberto
809 1449 852 1513 fil.
865 1450 1006 1530 Thomae,
1017 1449 1107 1513 Will.
1120 1449 1261 1532 Patisco,
1274 1456 1307 1514 et

165 1535 209 1596 fil.
224 1535 389 1598 Johannis
411 1537 454 1600 fil.
470 1537 552 1600 Adae
567 1537 654 1620 quod
676 1536 787 1600 nullus
810 1557 921 1601 eorum
944 1536 1104 1600 insultent
1126 1536 1251 1619 aliquos
1267 1536 1307 1601 de

165 1622 335 1686 vicinitate
358 1623 440 1687 dom.
464 1623 584 1687 Prioris
607 1625 668 1688 sub
690 1643 787 1707 poena
809 1624 844 1686 xl
856 1644 879 1687 s.
903 1623 1044 1687 solvend.
1071 1629 1131 1687 etc.
1176 1623 1307 1707 [Ooklry

164 1729 269 1771 occurs
282 1731 319 1772 us
334 1732 355 1773 a
369 1711 541 1794 surnaria]

208 1795 320 1859 Minna
370 1797 560 1880 injunctum
575 1797 725 1861 omnibus
737 1804 800 1861 ten.
817 1797 903 1880 quod
916 1797 1054 1880 quilibet
1063 1817 1172 1861 eorum
1184 1795 1305 1862 faciant

164 1881 321 1946 fossatde
330 1883 377 1946 les
387 1883 532 1968 lonyngs‚
543 1885 681 1968 quilibet
690 1884 776 1967 [pro]
787 1891 877 1967 perte
887 1905 953 1960 sua,
963 1903 1003 1947 ex
1013 1891 1104 1966 parte
1113 1883 1306 1948 occidentali

165 1970 206 2032 de
218 1968 450 2053 Bisohoplawe‚
459 1972 540 2035 citra
555 1973 673 2036 festum
685 1973 715 2035 S.
726 1972 749 2035 J
751 1970 840 2034 acobi
850 1991 937 2054 prox.
949 1971 1007 2036 fut.
1018 1971 1050 2053 vj
1065 1971 1102 2047 d.,
1113 1970 1305 2035 solvendum

164 2064 225 2122 etc.
239 2095 285 2105 -
296 2057 493 2121 Ordinatum
507 2066 557 2122 est
571 2079 611 2122 ex
628 2059 791 2122 communi
807 2078 939 2121 assensu
955 2059 1041 2140 quod
1056 2058 1166 2122 nullus
1181 2063 1305 2141 ponant

164 2143 291 2226 lapides
307 2165 404 2227 super
417 2145 565 2209 alienam.
580 2151 654 2209 terr.
670 2146 731 2209 sub
747 2165 842 2228 poena
857 2145 889 2228 vj
901 2145 931 2208 d.
943 2144 1047 2208 -De
1062 2145 1151 2210 Will.
1166 2145 1305 2210 Ourrour

164 2231 243 2312 quia
258 2231 364 2294 noluit
373 2232 483 2296 venire
494 2231 535 2295 ad
546 2233 782 2315 reparacionem
796 2233 901 2315 stagni
910 2231 1087 2295 molendini
1099 2252 1173 2295 cum
1187 2232 1305 2296 vicinis

164 2319 243 2393 suis,
256 2316 296 2381 de
311 2318 385 2380 m’ia
399 2319 431 2401 vj
443 2319 471 2383 d.
482 2356 524 2368 -
535 2320 738 2403 Praeceptum
753 2326 802 2382 est
819 2325 874 2382 att.
891 2318 965 2382 Joh.
981 2319 1021 2382 de
1037 2319 1248 2403 Heghington
1263 2320 1306 2384 ad

163 2403 302 2468 liberam
324 2406 448 2468 curiam
470 2407 511 2469 ad
533 2406 679 2489 respond.
697 2406 736 2469 de
759 2406 861 2489 spinis
884 2405 1016 2469 succisis
1038 2406 1123 2469 infra
1145 2427 1304 2490 campum.

162 2527 209 2540 ·—
221 2491 430 2574 Compertum
441 2498 492 2557 est
506 2513 563 2576 per
574 2494 635 2576 jur.
652 2493 739 2576 quod
750 2493 763 2575 j
781 2513 883 2575 agnus
897 2493 1032 2556 inventa
1044 2493 1114 2576 [sic]
1127 2493 1162 2556 in
1175 2494 1241 2557 alta
1252 2494 1305 2557 via

162 2598 222 2661 per
244 2579 322 2662 Rog.
345 2579 526 2657 Arusmith‚
547 2580 633 2644 unde
656 2581 835 2662 proficuum
858 2579 989 2643 devenit
1010 2599 1104 2662 perv
1120 2600 1169 2644 an.
1185 2581 1246 2645 via.
1268 2581 1303 2663 iij

163 2685 236 2748 agn.
252 2666 295 2748 vj.
311 2665 391 2749 fleys
406 2667 506 2749 precii
521 2667 543 2750 ij
556 2688 578 2731 s.
591 2667 648 2750 viij
663 2667 692 2731 d.

208 2753 311 2815 Esau.
358 2754 550 2835 Injunctum
571 2755 722 2818 omnibus
744 2759 809 2816 ten.
835 2752 923 2816 villae
944 2750 1031 2835 quod
1061 2752 1171 2816 nullus
1193 2774 1305 2817 eorum

163 2839 363 2903 maledicant
386 2841 465 2904 alios
487 2841 523 2902 in
545 2841 651 2904 verbis
666 2840 720 2903 vel
742 2839 837 2903 factis
860 2840 900 2902 de
923 2845 1027 2902 cetero
1043 2839 1102 2902 sub
1118 2858 1214 2922 poena
1228 2839 1264 2902 xl
1273 2840 1303 2904 d.

162 2926 308 2991 solvend.
324 2933 382 2990 etc.
395 2927 499 2991 —De
514 2928 636 2990 Thema
658 2926 780 2990 Milner
801 2926 879 3010 quia
900 2925 1059 2989 insultum
1081 2926 1157 2989 fecit
1180 2926 1304 2990 Simoni

161 3013 186 3076 J
188 3034 292 3077 onson
304 3020 336 3076 et
348 3015 434 3096 cepit
449 3035 552 3077 unum
562 3013 712 3078 baculum
723 3013 819 3097 praed.
832 3013 982 3089 Simonis,
992 3019 1089 3094 prout
1104 3019 1303 3094 compertum

163 3107 222 3175 est,
234 3099 276 3164 ad
289 3100 429 3184 dampna
440 3101 487 3183 iiij
499 3101 538 3177 d.,
547 3101 587 3165 de
599 3101 673 3164 m'ia
688 3101 720 3183 vj
733 3101 761 3163 d.
771 3137 815 3146 -
825 3100 875 3163 De
887 3099 1009 3163 Thoma
1020 3099 1141 3162 Milner
1152 3119 1210 3182 pro
1221 3100 1304 3164 falsa

162 3187 296 3270 querela
310 3207 368 3250 sua
380 3207 492 3252 versus
507 3188 673 3252 Simonem
687 3189 709 3252 J
712 3207 822 3262 onson,
838 3193 934 3270 prout
949 3192 1148 3269 compertum
1160 3193 1217 3263 est,
1228 3187 1261 3269 vj
1273 3186 1302 3251 (1

162 3275 271 3338 -De
296 3275 436 3339 Roberto
460 3275 504 3338 fil.
531 3275 660 3338 Thomae
682 3274 722 3338 de
744 3274 913 3338 Westmer.
930 3293 986 3356 pro
1008 3278 1105 3337 trans.
1121 3274 1206 3337 facta
1227 3274 1249 3337 J
1253 3273 1303 3339 oh.

163 3360 281 3437 Smith‚
294 3371 391 3443 prout
405 3367 606 3444 compertum
620 3367 678 3437 est,
693 3361 735 3424 ed
744 3361 850 3444 dump.
865 3361 968 3443 ipsius
979 3360 1002 3424 J
1004 3361 1053 3424 oh.
1069 3381 1114 3423 xx
1124 3359 1163 3438 d.,
1174 3361 1215 3425 de
1229 3361 1304 3425 m’ia

162 3448 236 3529 vjd.
248 3485 294 3496 -
304 3449 355 3512 De
376 3448 451 3512 Joln
468 3449 575 3512 Smith
589 3469 647 3532 pro
670 3455 767 3512 trans.
783 3448 869 3511 facta
890 3447 986 3529 praed.
1003 3447 1092 3524 Rou,
1106 3454 1203 3530 prout
1218 3469 1305 3512 com-

162 3541 244 3616 pert
260 3539 318 3610 est,
334 3535 375 3599 de
389 3535 495 3618 damp.
512 3557 534 3597 x
544 3535 582 3611 d.,
597 3535 637 3600 de
652 3535 728 3598 m'ia
742 3535 774 3617 vj
787 3535 870 3597 d.-
881 3535 959 3599 Rob.
976 3533 1018 3598 fil.
1035 3534 1166 3598 Thomas
1176 3535 1304 3600 invenit

162 3621 246 3704 pleg.
261 3621 302 3685 de
312 3641 391 3705 pace
402 3621 426 3685 J
427 3623 478 3686 oh.
490 3623 525 3685 fil
540 3622 622 3685 Adae
636 3630 669 3686 et
681 3623 765 3686 Hen.
777 3621 817 3684 de
833 3622 966 3684 Neuton
977 3641 1089 3685 versus
1104 3621 1176 3684 Joln
1195 3621 1303 3685 Smith

164 3708 204 3771 de
220 3709 428 3792 Meryngton‚
443 3710 504 3772 sub
526 3728 622 3792 poena
638 3729 688 3774 os.
733 3709 777 3772 Et
799 3709 822 3773 J
823 3708 873 3772 oh.
890 3707 997 3772 Smith
1019 3708 1145 3771 invenit
1165 3706 1246 3791 pleg.
1260 3743 1303 3755 -

164 3795 361 3859 Ordinatum
372 3802 423 3859 est
436 3803 502 3859 tam
519 3816 561 3859 ex
575 3816 707 3860 assensu
719 3795 843 3858 domini
858 3815 955 3878 quam
970 3795 1114 3857 omnium
1129 3798 1193 3858 ten.
1208 3794 1303 3858 villa·

162 3902 236 3945 rum
251 3883 339 3946 inira
352 3883 532 3946 dominium
554 3903 658 3958 suum,
674 3883 761 3965 quod
783 3882 894 3946 nullus
917 3900 1116 3945 commorans
1130 3879 1166 3942 in
1181 3881 1303 3945 eisdem

162 3969 316 4032 extrahat
337 3970 506 4033 cultellum
527 3969 580 4032 vel
602 3970 689 4034 levet
711 3969 862 4033 baculum
884 3989 941 4051 pro
964 3968 1048 4031 malo
1071 3966 1227 4044 faciendo,
1242 3969 1303 4032 sub

162 4075 261 4138 poena
288 4056 322 4119 xl
332 4057 360 4120 d.
405 4057 450 4120 Et
478 4056 580 4121 eciam
609 4056 661 4119 illi
690 4057 748 4139 qui
773 4056 931 4140 percussit
955 4053 1025 4140 [sic]
1057 4055 1199 4138 aliquem
1229 4076 1303 4120 cum

162 4142 289 4219 bacino,
304 4143 445 4220 cultello,
460 4144 513 4207 vel
534 4143 641 4227 gladio
664 4143 768 4206 solvat
791 4143 921 4207 domino
937 4142 979 4206 di.
995 4161 1090 4206 marc.
1134 4143 1178 4205 Et
1201 4143 1304 4206 eciam

162 4229 250 4312 quod
272 4231 424 4294 mulieres
446 4239 652 4313 compescant
674 4230 801 4313 linguas
824 4240 907 4306 suas,
922 4249 988 4292 non
1009 4228 1231 4293 maledicendo
1246 4250 1304 4294 seu

161 4316 330 4399 litigando,
341 4318 402 4381 sub
417 4337 513 4401 poena
524 4319 569 4400 xij
583 4318 612 4383 d.
628 4317 770 4382 solvend.
783 4336 841 4400 per
855 4316 948 4380 illam
959 4315 1016 4399 qui
1031 4314 1101 4402 [sr'c]
1116 4315 1152 4379 in
1165 4316 1303 4380 deffectu

160 4425 196 4466 re
220 4405 328 4468 eritur.

197 4425 305 4554 pFurti.
351 4491 542 4573 Injunctum
572 4495 620 4555 est
657 4490 807 4554 omnibus
837 4497 901 4555 ten.
931 4489 1020 4552 villae
1049 4487 1135 4572 quod
1165 4488 1303 4572 quilibet

160 4597 274 4641 eorum
300 4577 454 4642 claudant
478 4577 602 4662 gardin.
627 4582 758 4642 anteat
782 4582 866 4642 retro
889 4576 971 4642 citra
993 4577 1113 4639 festum
1136 4575 1166 4639 S.
1187 4576 1303 4641 Jacobi
