3278 5204
291 576 332 635 92
552 583 711 634 nemora
726 583 909 634 peronatus
924 583 1165 634 DUNELMENSIB.
1335 573 1428 634 1370.

289 741 405 826 nequis
434 761 546 808 eorum
576 741 744 828 pennittat
779 761 896 826 parvos
926 761 1022 808 canes
1052 762 1128 807 suos
1162 741 1249 808 exire
1281 741 1367 806 infre
1396 742 1428 806 le

290 829 493 914 Gonyngher.
508 867 552 880 -
566 829 618 895 De
647 829 744 894 Petro
773 828 814 893 de
844 829 960 894 cotom
992 849 1050 914 pro
1080 830 1297 894 convencione
1325 830 1430 894 fracte

289 916 421 982 Thomae
449 916 490 981 de
514 916 693 981 Alamouth
721 935 787 980 uon
817 916 1030 982 eommorand'
1053 936 1162 982 seeum
1185 917 1227 981 ad
1249 917 1429 1001 dampnum

292 1004 374 1080 lad,
388 1004 429 1069 de
442 1003 663 1068 misericordia
679 1002 739 1079 td,
760 1007 794 1067 et
815 1003 1064 1068 commorabitur
1085 1023 1196 1068 seeum
1217 1009 1253 1068 et
1273 1003 1428 1078 affidabit‚

288 1090 376 1156 unde
404 1090 492 1156 idem
519 1091 658 1155 Thomas
686 1094 817 1173 reputat
846 1110 880 1154 se
909 1094 1107 1155 contentum
1150 1090 1202 1155 De
1230 1090 1353 1153 Thema
1386 1089 1428 1153 de

287 1177 464 1244 Alemouth
474 1197 533 1262 pro
544 1176 796 1260 transgressione
809 1176 895 1240 faeta
909 1176 1014 1242 eidem
1029 1177 1125 1242 Petro
1138 1175 1278 1240 intrand’
1293 1177 1429 1240 domum

290 1283 383 1328 suam
400 1271 434 1330 et
456 1264 565 1348 ipsum
578 1262 765 1328 verberand'
779 1263 820 1328 ad
843 1263 1020 1346 dampnum
1039 1262 1121 1340 iod,
1144 1263 1204 1340 od„
1227 1263 1428 1327 condonatur

288 1370 347 1434 per
360 1351 537 1414 terrarium
583 1349 777 1414 Ordinatum
799 1354 849 1414 est
869 1349 956 1414 inter
976 1349 1134 1414 Thomam
1148 1349 1188 1414 de
1202 1349 1379 1413 Alamouth
1394 1355 1429 1412 et

289 1437 422 1502 Petrum
446 1437 486 1502 de
509 1436 624 1501 Ootom
649 1436 735 1501 inter
754 1456 835 1520 quos
857 1435 899 1502 iis
920 1441 954 1501 et
968 1437 1135 1501 eontentio
1151 1444 1323 1501 moventur
1337 1436 1427 1519 quod

289 1523 401 1588 nullm
417 1543 526 1588 eorum
540 1522 792 1608 transgrediatur
815 1522 909 1588 alteri
929 1523 990 1588 sub
1013 1542 1109 1607 poena
1125 1528 1191 1588 40s.
1207 1530 1240 1588 et
1254 1543 1351 1607 super
1365 1523 1428 1586 boe

289 1610 428 1675 Thomas
442 1609 569 1674 invenit
583 1609 665 1694 plag.
681 1645 694 1658 -
710 1646 723 1658 ·
738 1615 772 1674 et
786 1610 900 1675 Petrus
915 1609 1042 1674 invenit
1056 1609 1138 1694 pleg.

333 1697 574 1762 Plrrrrtorous.
610 1694 775 1760 Walterus
790 1696 935 1782 Lemyng
946 1702 979 1760 et
990 1696 1128 1760 Thomas
1140 1695 1244 1762 Rassh
1259 1695 1425 1779 assignen-

289 1789 344 1848 tur
358 1784 400 1849 ad
414 1783 556 1849 officium
569 1803 627 1867 pro
642 1783 777 1848 cervisia
790 1783 930 1848 tastand’
944 1789 978 1848 at
988 1783 1141 1866 jurantur
1161 1783 1202 1847 ad
1219 1783 1306 1866 quod
1320 1783 1427 1847 officio

288 1872 437 1954 pertinet
487 1871 532 1935 Et
558 1870 744 1954 injunctum
773 1876 823 1934 est
851 1869 1082 1935 braoiatonbus
1111 1870 1199 1954 quod
1227 1869 1334 1934 mend'
1363 1890 1424 1952 pro

287 1959 450 2043 praedietis
464 1957 673 2022 testatoribus
687 1961 721 2020 st
734 1957 808 2040 pon’
823 1957 903 2041 sign'
918 1961 1093 2040 antequam
1106 1957 1200 2022 vend,

331 2046 481 2110 Dsnrou.
539 2042 706 2109 Johannes
732 2043 866 2107 Dauson
888 2043 979 2108 venit
1003 2044 1038 2108 in
1060 2044 1125 2108 our’
1150 2049 1185 2108 et
1209 2043 1297 2127 oepit
1320 2063 1426 2106 unum

289 2131 451 2215 ootagium
474 2130 637 2215 quondam
661 2130 698 2194 in
720 2134 836 2194 tenura
858 2129 1020 2214 Marjoriae
1041 2130 1209 2196 Demeter:
1231 2129 1369 2194 habend'
1391 2135 1427 2192 et

289 2218 354 2282 ten‘
365 2217 407 2282 ad
422 2216 634 2300 [“terminum
644 2216 721 2281 vitae
733 2216 817 2280 suse’'
839 2217 943 2280 ursule
953 2223 1015 2293 out,
1028 2215 1256 2280 “voluntatem
1265 2217 1400 2281 Domini
1410 2217 1427 2242 '’

287 2303 490 2386 iruerliued]:
518 2301 604 2367 redd.
633 2322 664 2385 p.
691 2322 717 2366 a.
747 2303 839 2368 lid:
866 2303 1052 2386 incipiendo
1081 2303 1205 2368 solvere
1234 2303 1273 2368 ad
1302 2303 1426 2367 festum

288 2391 380 2455 Pent'
404 2409 489 2454 enno
512 2389 647 2452 Domini
672 2395 731 2454 ete.
754 2389 848 2473 lxxj0.
891 2390 936 2453 Et
960 2389 1134 2473 praediatus
1155 2390 1320 2454 «iohannes
1342 2409 1426 2472 prae-

288 2477 411 2541 dietum
435 2475 596 2559 eotegium
619 2475 655 2538 in
678 2475 851 2540 sufficienti
873 2481 963 2540 statu
985 2476 1129 2540 dimittet
1150 2477 1186 2540 iu
1207 2476 1271 2540 fine
1292 2476 1427 2540 termini

287 2563 347 2628 sui
391 2561 479 2647 Pleg
504 2563 663 2626 Robertus
694 2562 844 2627 Oouhird.
889 2562 981 2626 Idem
1009 2563 1176 2628 iohannes
1206 2563 1291 2646 cepit
1320 2584 1427 2626 unum

287 2649 489 2734 mesuagium
517 2655 551 2714 et
579 2649 658 2732 xviij
690 2669 778 2714 acme
807 2654 901 2714 terrae
926 2649 1043 2714 ultimo
1067 2651 1103 2713 in
1129 2656 1244 2714 tenura
1265 2649 1427 2714 Willelmi

288 2738 466 2822 Sergaunt:
489 2734 626 2800 habend’
647 2741 680 2800 et
702 2735 767 2800 ten'
782 2735 825 2799 ad
845 2735 1047 2802 voluntatem
1071 2737 1225 2802 Domini:
1247 2737 1333 2801 redd
1348 2758 1379 2821 p.
1395 2757 1424 2800 a

291 2831 375 2904 lte:
404 2822 589 2908 incipiendo
615 2823 739 2886 solvere
762 2821 803 2886 ad
829 2821 949 2888 festum
974 2823 1066 2887 Pent’
1090 2844 1175 2888 anno
1204 2823 1338 2887 Domini
1364 2828 1426 2887 ete.

287 2911 392 2995 lxxij0.
435 2911 479 2974 Et
508 2909 681 2994 praedictus
711 2908 877 2974 Johannes
906 2909 1039 2974 hebebit
1067 2915 1184 2975 terram
1213 2931 1270 2993 pro
1300 2910 1426 2974 semine

287 2999 411 3062 vernali
425 3003 458 3062 et
472 2996 662 3081 praedictum
676 2995 876 3080 mesuagium
892 3002 925 3060 et
939 3001 1057 3061 terram
1079 2997 1114 3062 in
1137 2996 1311 3062 sufficienti
1332 3002 1424 3061 stetu

288 3084 440 3149 dimittet.

330 3169 646 3252 Mln-M[s1auuuou].
691 3168 883 3253 Injunotum
904 3172 955 3234 est
969 3169 1119 3235 omnibus
1134 3170 1321 3236 tenentibus
1336 3170 1425 3234 villae

287 3256 374 3340 quod
387 3255 499 3319 nullus
514 3275 622 3319 eorum
638 3255 781 3320 vendant
797 3255 866 3339 [eie]
881 3257 965 3321 blad'
977 3277 1074 3341 super
1086 3263 1206 3321 terram
1220 3257 1251 3340 [“
1260 3257 1398 3320 Domini
1407 3258 1424 3283 ''

286 3343 391 3405 aaut
404 3341 470 3423 out]
486 3341 555 3404 eine
568 3340 706 3405 lieenoia
719 3342 845 3406 terrarii
860 3348 893 3406 at
907 3343 1043 3407 bursarii
1057 3343 1117 3407 sub
1130 3363 1227 3427 poene
1244 3349 1309 3407 20s.

331 3427 634 3491 Est-Maurusios.
679 3427 871 3492 Ordinatum
886 3435 936 3494 est
950 3450 991 3494 ox
1005 3429 1169 3494 communi
1188 3449 1321 3494 assensu
1334 3429 1423 3512 quod

287 3513 425 3598 quilibet
439 3513 624 3577 teneneium
647 3512 775 3578 claudat
789 3520 976 3580 tenemento
996 3536 1055 3580 sua
1076 3516 1112 3580 in
1133 3517 1238 3580 fronte
1252 3523 1286 3581 et
1303 3537 1323 3579 a
1337 3523 1423 3580 retro

286 3602 368 3666 eitra
383 3599 587 3665 Dominioam
608 3600 644 3663 in
667 3599 777 3664 Remis
792 3601 984 3667 Palmarum.
996 3639 1039 3649 —
1051 3603 1241 3686 Injunetum
1255 3607 1305 3666 est
1320 3603 1424 3666 omni-

286 3690 348 3754 bus
363 3686 550 3754 tenentibus
571 3706 614 3751 ne
635 3684 709 3770 quis
731 3707 841 3752 eorum
862 3689 982 3753 vendat
1003 3689 1099 3753 blada
1122 3689 1300 3754 eresoeneia
1325 3709 1424 3773 super

285 3782 404 3842 terram
426 3774 480 3840 vel
500 3773 662 3858 quarteria
685 3774 840 3858 capienda
862 3774 902 3839 de
924 3774 1046 3841 eisdem
1067 3774 1172 3840 bladis
1196 3775 1266 3841 sine
1287 3775 1425 3840 lieeneis

285 3863 420 3941 terrarii,
434 3861 495 3928 sub
509 3881 606 3945 poens
620 3859 662 3924 di.
678 3881 800 3924 maresa

327 3951 426 4014 Furor.
463 3949 653 4031 Injunetum
668 3953 718 4012 est
732 3946 897 4012 Willelmo
911 3947 978 4012 filio
993 3947 1144 4033 Hugonis
1155 3948 1243 4032 quod
1257 3949 1423 4013 obscurari

285 4035 344 4098 fao'
356 4041 471 4116 puteos
485 4034 665 4118 peripsum
680 4040 814 4117 apertos.

329 4119 633 4184 Nauius-Karrort.
678 4121 808 4204 [Names
821 4120 972 4203 osjurore
984 4121 1066 4204 only,
1080 4122 1173 4184 murt
1186 4121 1351 4204 oberrarem]

328 4206 450 4270 Aoum.
495 4204 576 4269 Dies
591 4205 686 4270 datus
700 4211 750 4270 est
763 4205 908 4272 Waltero
930 4207 970 4271 de
991 4206 1124 4272 Denton
1140 4208 1182 4272 ad
1196 4208 1319 4273 ostend'
1334 4210 1422 4272 faeta

285 4313 346 4358 sua
356 4291 491 4374 antiqua
502 4290 542 4354 de
550 4291 781 4374 perquisitione
792 4293 889 4357 unius
898 4294 1054 4378 mesuagii
1064 4300 1098 4358 et
1106 4293 1162 4378 viij
1176 4314 1321 4358 aerarum
1329 4299 1423 4359 terrae

285 4401 358 4464 quae
378 4379 510 4443 fuerunt
532 4376 671 4441 Gilberti
692 4378 732 4442 de
754 4379 956 4444 Moumforth
979 4400 1052 4463 quae
1073 4380 1154 4446 dicit
1175 4401 1244 4445 esse
1266 4387 1358 4444 tenta
1380 4381 1421 4445 de

284 4466 399 4532 heered'
411 4463 590 4530 Alexandri
601 4462 640 4528 de
649 4466 782 4530 Kneton
797 4473 830 4530 et
841 4467 981 4532 ereditur
995 4467 1098 4532 teneri
1109 4467 1148 4532 de
1163 4467 1293 4531 domino
1303 4468 1422 4532 Priore.

329 4556 560 4621 BILLYuonAM.
606 4552 796 4635 Injunotum
808 4557 857 4618 eet
866 4554 1016 4618 omnibus
1031 4555 1219 4619 tenentibus
1231 4554 1318 4617 villae
1332 4554 1421 4637 quod
