3224 5212
208 567 302 630 1376.
473 583 630 632 (11111011
645 583 830 632 remeares
845 584 1085 634 erueturnsra.
1287 575 1348 634 137

206 746 240 803 et
254 740 384 804 tenend.
400 739 442 804 ad
456 745 546 805 term.
561 741 639 805 vitae
654 762 721 806 suae
735 748 773 806 ut
789 743 829 807 de
844 742 917 826 jure
932 742 1057 806 viduae:
1079 743 1165 808 redd.
1181 764 1238 826 pro
1259 749 1349 808 terre-

205 828 303 890 ment'
320 832 353 890 et
367 827 436 910 xxij
453 827 534 892 aeris
549 833 642 892 terrae
663 829 811 912 sceeoerij
835 851 865 913 p.
881 850 907 893 a.
926 835 970 893 3s.
987 829 1073 912 quod
1095 830 1185 913 prius
1208 830 1348 894 reddidit

208 919 251 976 20.
269 913 321 978 8d.
365 915 409 977 Et
422 935 480 997 pro
495 915 553 997 viij
571 915 652 980 aeris
667 915 707 979 de
722 921 807 980 terre
822 916 977 980 Hostilar'
993 917 1090 982 faciet
1104 917 1238 1000 entique
1253 937 1348 1001 opere

206 1006 239 1064 et
261 1000 396 1064 servicia
417 1007 513 1085 prout
536 1004 558 1066 J
560 1001 702 1066 ohannes
717 1003 828 1066 Weles
849 1001 939 1085 prius
961 1002 1102 1066 reddidit
1124 1009 1157 1067 et
1178 1004 1264 1080 feeit,
1286 1005 1346 1068 viz.

206 1107 265 1169 pro
290 1107 363 1150 acre
391 1088 461 1151 l5d.
477 1125 492 1134 -
513 1125 528 1134 -
551 1089 705 1153 Gres'm’a
726 1127 740 1138 -
763 1126 776 1138 -
800 1095 866 1153 200.
880 1090 1068 1155 —Juliena
1093 1089 1161 1153 filie
1187 1089 1348 1154 Johannis

206 1172 330 1237 Wellas
352 1175 462 1258 oepitj
480 1175 641 1259 rotagium
656 1182 689 1240 et
703 1176 735 1259 η’
752 1195 840 1240 acras
855 1183 948 1240 terrae
970 1176 1086 1241 ultimo
1108 1177 1144 1239 in
1164 1182 1279 1241 tenura
1293 1178 1346 1261 pd.

206 1262 230 1325 J
232 1261 368 1324 ohannis
383 1262 483 1343 patris
498 1262 551 1344 pd.
567 1263 591 1326 J
591 1262 708 1326 ulianae
723 1286 738 1326 :-
752 1261 887 1327 habend
904 1271 937 1327 et
958 1263 1085 1327 tenend
1102 1263 1143 1326 ad
1165 1269 1255 1328 term.
1271 1265 1347 1329 vitae

208 1367 292 1410 suae:
314 1347 399 1411 redd
424 1348 459 1411 in
481 1349 631 1413 omnibus
653 1354 749 1431 prout
770 1350 823 1432 pd.
846 1349 1013 1414 Johennes
1036 1351 1126 1433 prius
1149 1350 1291 1414 reddidit
1315 1356 1350 1415 et

207 1434 288 1498 fecit
302 1471 316 1480 -
331 1470 346 1480 -
361 1435 522 1512 Gree’m’a,
537 1442 570 1500 et
585 1435 692 1512 hebet,
709 1441 752 1500 60.
770 1436 820 1500 sd.

251 1520 411 1586 Nerrvue
456 1521 664 1606 Compertum
686 1529 735 1587 est
756 1542 813 1605 per
835 1530 1071 1588 sacramentum
1085 1523 1245 1588 Willelmi
1267 1524 1348 1601 Bell,

207 1607 338 1670 Thomae
352 1608 445 1692 Pege,
467 1609 585 1692 Rogeri
598 1609 708 1685 Ward,
730 1609 859 1672 Thomae
882 1609 942 1672 filii
956 1611 1062 1686 Alani,
1077 1610 1210 1674 Roberti
1231 1610 1347 1688 Smith,

207 1693 368 1758 Willehni
390 1695 450 1757 filii
466 1696 624 1779 Hugonis‚
644 1697 667 1760 J
669 1695 805 1760 ohannis
828 1695 888 1758 filii
907 1696 996 1774 Adae,
1017 1696 1159 1772 senioris,
1185 1698 1208 1761 J
1210 1697 1347 1761 ohannis

208 1780 301 1857 Laid,
321 1787 355 1845 et
369 1781 450 1844 Eliee
465 1783 587 1859 Rauen,
602 1783 689 1866 quod
711 1783 734 1848 J
736 1783 879 1846 ohannes
894 1784 1070 1867 Brounnyg
1084 1782 1170 1846 filius
1185 1785 1209 1848 ,J
1210 1784 1346 1848 ohannis

208 1868 384 1952 Brounyng
398 1868 438 1932 de
453 1869 580 1932 Herton
595 1875 645 1933 est
659 1870 789 1933 nativus
804 1869 926 1933 domini
943 1870 1062 1934 Prioris
1077 1877 1111 1934 et
1125 1870 1195 1954 ipse
1209 1875 1242 1934 et
1257 1876 1346 1935 ente-

208 1974 345 2018 sessores
354 1955 406 2018 sui
421 1955 517 2038 hujus
533 1956 729 2020 condicionis
744 1956 876 2020 fuerunt
891 1976 910 2020 a
924 1963 1067 2040 tempore
1082 1977 1146 2039 quo
1161 1976 1226 2019 non
1241 1962 1348 2021 exstet

208 2042 370 2106 memoria.
415 2042 712 2127 Ideoeepieturpd.
728 2043 904 2108 Johennes.
947 2043 991 2106 Et
1001 2050 1113 2126 postea
1124 2043 1215 2107 venit
1223 2049 1256 2107 et
1270 2043 1347 2108 feeit

209 2127 398 2192 fidelitatem
427 2128 557 2192 domino
587 2135 683 2212 prout
713 2129 754 2192 od
784 2130 932 2193 nativum
961 2130 1111 2213 pertinet,
1141 2134 1174 2193 et
1199 2130 1346 2194 coneedit

208 2214 332 2278 solvere
347 2215 477 2279 domino
494 2222 537 2280 20.
553 2216 723 2280 annuatim
737 2217 778 2280 ed
792 2216 986 2280 scaccarium
1006 2237 1102 2280 suum
1123 2217 1274 2281 Dunelm.
1289 2237 1347 2300 per

209 2322 326 2366 manus
348 2321 422 2366 sues
444 2302 588 2385 proprias
611 2303 652 2367 ad
674 2303 743 2367 fest.
760 2303 851 2367 Pent.
867 2308 900 2366 et
915 2303 946 2367 S.
969 2303 1105 2366 Martini
1123 2304 1159 2366 in
1172 2303 1275 2368 Yeme
1289 2324 1348 2387 per

208 2387 341 2471 equales
355 2389 520 2472 porciones
537 2390 587 2473 [in
602 2391 651 2453 the
664 2393 792 2472 meopte
806 2396 823 2422 “
832 2389 982 2466 Albania,
994 2389 1017 2472 ij
1034 2390 1077 2454 s.''
1092 2391 1161 2454 eido
1175 2390 1347 2468 Dufresne,

207 2477 263 2538 net
277 2476 374 2558 med:
395 2475 580 2559 incipiendo
595 2475 718 2540 solvere
732 2476 774 2540 ed
796 2476 916 2540 festum
937 2477 1027 2540 Pent.
1043 2497 1132 2559 prox.
1147 2477 1246 2540 futur.
1268 2497 1345 2560 quo-

208 2582 312 2645 usque
327 2562 476 2626 domiuus
491 2563 531 2626 de
546 2562 658 2626 eodem
680 2562 769 2626 eliud
784 2563 913 2627 duxerit
935 2563 1171 2646 disponendum
1191 2563 1256 2627 nisi
1278 2565 1347 2646 ipse

208 2649 312 2730 possit
333 2649 476 2732 legitime
501 2649 634 2731 probare
656 2669 754 2732 quere
775 2649 892 2714 debeat
913 2669 932 2712 a
953 2650 1007 2733 pd.
1031 2651 1187 2714 servitute
1209 2650 1346 2716 liberari.

208 2736 253 2798 Et
267 2735 309 2798 ad
324 2734 522 2800 solucionem
536 2736 643 2799 medio
658 2742 800 2819 tempore
814 2743 852 2800 ut
865 2736 1051 2819 praedieitur
1063 2736 1247 2801 faciendum
1258 2738 1347 2819 jure-

209 2822 258 2885 bit
284 2822 380 2887 teet-is
407 2823 616 2887 seomsanetis
643 2822 825 2906 euangeliis
849 2822 935 2906 epud
955 2823 1159 2904 Wyuestowe
1175 2822 1227 2886 die
1246 2823 1344 2888 Mero.

207 2909 243 2970 in
258 2909 363 2992 prime
373 2909 624 2993 quadragesime
634 2925 697 2973 11).
713 2909 885 2974 millesimo
897 2917 988 2972 oco¹¹¹⁰
998 2908 1234 2992 septuagesimo
1246 2915 1347 2986 sexto,

208 2997 421 3078 praesentibus
448 2996 578 3060 domino
600 2995 765 3060 Willelmo
787 2997 828 3061 de
849 2994 997 3079 Aslekby
1020 3001 1102 3071 terr„
1116 2995 1283 3060 Willelmo
1305 2997 1346 3060 de

209 3083 337 3146 Norton
351 3084 435 3146 mon’
453 3082 551 3166 [eto.].

253 3169 407 3233 Sanetus.
463 3169 526 3233 Isti
553 3173 630 3232 sunt
653 3168 747 3233 eleoti
771 3167 812 3232 ed
837 3168 966 3232 sedend’
989 3167 1031 3232 ad
1058 3168 1157 3251 prox’,
1186 3169 1345 3234 Robertus

210 3255 684 3340 Swan,JohennesTyngryng,
696 3254 1220 3338 Robertuthtyng‚etJohannes
1232 3257 1345 3321 Bemn.

253 3342 540 3406 war-ermion.
585 3343 637 3406 De
653 3342 774 3406 Ceeilia
796 3342 864 3405 filia
885 3342 974 3405 Petri
997 3343 1037 3406 de
1051 3342 1171 3426 Wigby
1186 3363 1244 3426 pro
1265 3363 1347 3408 mer-

209 3428 304 3492 eheto
323 3428 392 3493 rad.
437 3430 489 3494 De
512 3429 610 3493 Isold’
625 3428 693 3492 filie
714 3428 862 3512 praedieti
876 3429 965 3492 Petri
986 3449 1045 3512 pro
1066 3429 1237 3494 meroheto.
1283 3431 1347 3514 [No

208 3522 349 3597 separate
362 3537 433 3579 eene
447 3517 644 3598 mentioned]
689 3516 736 3579 Pl
752 3515 840 3578 idem
855 3515 969 3578 Petrus
982 3516 1059 3599 quie
1071 3517 1209 3600 [000010
1223 3519 1347 3581 written

209 3603 310 3684 abone]
327 3602 493 3666 maritavit
507 3608 542 3666 et
555 3603 743 3686 praedictam
759 3602 801 3666 Is’
813 3608 905 3666 extre
919 3601 1041 3666 villam.
1053 3641 1096 3650 —
1107 3601 1245 3666 Thomas
1260 3604 1346 3668 filius

207 3689 370 3752 Johannis
392 3689 453 3752 filii
474 3689 592 3753 Viduae
613 3689 700 3773 oepit
711 3691 724 3772 j
742 3689 937 3772 bondagium
960 3689 1029 3752 sine
1055 3689 1153 3752 stuffo
1175 3688 1290 3752 ultimo
1311 3690 1347 3754 in

209 3779 324 3838 tenura
339 3777 427 3840 Petri
438 3774 555 3858 Smyth
567 3778 729 3858 quondam
740 3775 775 3838 111
786 3780 901 3838 tenura
912 3775 1061 3858 Hugonis
1073 3774 1178 3838 Vlkill
1189 3797 1195 3836 :
1210 3774 1346 3839 hebend.

209 3867 242 3925 et
262 3862 389 3926 tenend.
406 3861 448 3926 ad
469 3868 560 3926 term.
576 3862 653 3926 vitae
675 3883 757 3926 suae:
780 3862 866 3926 redd.
887 3881 945 3945 pro
968 3860 1118 3924 omnibus
1140 3862 1291 3942 operibus
1314 3870 1348 3927 et

208 3949 352 4012 serviciis
379 3947 523 4032 quolibet
538 3969 633 4013 anno
657 3955 722 4012 330.
751 3947 800 4012 4(1.
828 3954 861 4012 et
890 3955 1008 4032 ergent.
1038 3952 1132 4010 tem:
1162 3947 1347 4032 incipiendo

208 4034 333 4100 solvere
362 4036 404 4099 ad
432 4036 553 4100 festum
583 4036 673 4099 Pent.
699 4051 761 4098 an.
788 4038 846 4098 eto.
872 4033 1011 4118 lxxviij0.
1066 4034 1109 4097 Et
1134 4033 1265 4099 interim
1294 4037 1347 4121 pd.

209 4121 307 4203 Hugo
327 4122 434 4185 Vlkifl
455 4121 663 4205 respondebit
682 4123 722 4185 de
745 4121 837 4184 firme
859 4121 955 4204 [eto.].
967 4121 1210 4204 -Injunetum
1226 4128 1275 4186 est
1285 4125 1347 4207 jur.

209 4215 242 4272 et
257 4208 280 4271 J
281 4206 403 4271 ohanni
417 4209 555 4274 Fremen
570 4215 603 4272 et
625 4208 761 4273 Ricardo
776 4208 966 4290 Wydouson
984 4209 1070 4291 quod
1088 4208 1221 4272 videant
1242 4217 1277 4273 et
1298 4211 1349 4274 in-

208 4294 342 4377 quirent
363 4295 466 4360 edifio’
489 4302 523 4360 et
544 4303 662 4360 terrem
686 4294 803 4359 ultimo
829 4295 865 4358 in
890 4301 1006 4358 tenure
1031 4295 1121 4358 Petri
1147 4295 1265 4378 Smyth
1290 4317 1348 4380 per

207 4401 307 4464 quam
321 4401 482 4446 summam
495 4384 622 4466 possint
636 4382 784 4467 reparari.

252 4468 475 4534 Mosesmwu
521 4470 687 4534 Gilbertus
697 4469 852 4533 Vnoouth
867 4468 965 4532 hebet
979 4467 1023 4551 vij
1041 4488 1128 4551 spera
1138 4475 1172 4532 et
1181 4468 1204 4531 J
1206 4467 1349 4534 ohannes

206 4555 363 4619 Vneouth
390 4557 423 4637 xj
454 4577 543 4640 spers
575 4557 615 4620 de
641 4558 655 4640 j
687 4577 771 4620 nova
801 4556 896 4620 domo
926 4555 1074 4618 edificata
1098 4575 1155 4638 per
1181 4553 1348 4620 dominum
