3224 5212
187 605 280 666 1315.
428 617 588 668 ammom
603 618 786 669 raromms
802 619 1040 671 nominarem.
1262 612 1320 671 131

181 775 314 838 cardum
327 775 495 840 Dieonson
509 775 545 840 in
561 775 749 842 consistorio
759 783 870 842 eontra
883 799 1021 864 poenam,
1033 779 1073 844 de
1085 779 1213 865 dampn'
1222 780 1324 864 ipsius

182 861 314 926 Ricardi
339 862 389 927 6d.
416 868 513 947 prout
539 871 740 947 compertum
766 870 823 941 est,
846 864 886 930 de
911 865 1129 930 misericordia
1160 867 1209 930 od.
1222 867 1325 930 —De

183 948 307 1012 Thema
321 948 398 1099 Roip
421 949 499 1033 quia
520 969 616 1014 canes
631 950 701 1034 [aio]
717 971 796 1016 suus
818 951 888 1035 [aa]
911 953 1078 1016 devoravit
1093 973 1191 1017 unam
1205 973 1324 1037 paven-

184 1043 261 1099 na'm
276 1072 290 1084 ·
306 1071 319 1084 ·
334 1041 373 1099 18
398 1086 404 1100 .

227 1122 437 1187 Wronsrow.
482 1123 673 1206 Injunotum
687 1128 737 1188 est
751 1123 900 1188 omnibus
915 1125 1099 1190 tenentibus
1114 1125 1203 1190 villae
1217 1130 1250 1190 et
1264 1125 1324 1189 vie’

183 1208 299 1293 prioris
314 1210 401 1293 quod
415 1209 527 1274 nullus
542 1229 652 1274 eorum
666 1210 787 1275 faoiant
803 1211 873 1295 [sr'a]
890 1212 1031 1277 Nufairs.

229 1294 383 1446 separans,
428 1296 480 1360 De
509 1296 660 1361 Johanne
685 1298 831 1362 Enotson
855 1319 913 1382 pro
934 1304 1031 1364 trans.
1056 1299 1141 1364 faeta
1165 1297 1325 1362 Willelmi

183 1384 263 1447 Just
287 1403 323 1446 ar
360 1422 373 1432 -
388 1422 402 1433 -
419 1383 468 1449 od

229 1469 475 1534 Wannasflmrn.
520 1469 664 1554 Bogerus
679 1469 720 1534 de
731 1469 856 1534 Laxton
869 1471 956 1555 cepit
970 1493 1074 1537 unum
1089 1472 1251 1556 ootagium
1267 1471 1324 1554 etj

184 1556 351 1638 grangiam
365 1556 529 1640 quondam
542 1557 579 1620 in
600 1562 715 1621 tenura
736 1556 866 1622 Thomas
888 1558 1003 1642 Stegge
1018 1559 1133 1623 ultimo
1155 1559 1190 1623 in
1212 1565 1326 1622 tenura

184 1644 208 1707 J
209 1643 348 1707 ohannis
363 1643 561 1727 Sehephird:
584 1643 720 1708 haband.
736 1649 769 1708 et
784 1644 911 1709 tanend
927 1646 968 1710 ad
982 1645 1183 1710 voluntatem
1202 1644 1327 1709 domini

186 1730 404 1813 [staminum
417 1731 495 1794 vitae
509 1731 602 1795 suae’'
616 1731 721 1794 storacio
735 1729 810 1813 oat],
824 1731 911 1795 redd
926 1752 956 1814 p.
973 1751 999 1797 a.
1015 1739 1110 1816 prout
1123 1732 1176 1816 pd.
1188 1732 1325 1795 Thomas

185 1816 277 1899 prius
306 1816 448 1881 reddidit
477 1823 511 1881 et
539 1817 626 1882 feeit.
643 1854 684 1866 --
728 1816 773 1881 Et
801 1817 934 1882 habebit
962 1839 1020 1901 pro
1048 1819 1251 1902 reparaeione
1281 1823 1324 1881 ts.

187 1902 218 1987 [“
232 1909 277 1968 3s.
294 1903 363 1967 6d”
377 1904 483 1967 saraca
496 1899 562 1988 aar]
578 1943 592 1952 -
608 1941 621 1953 ·
638 1901 791 1968 Gres'm'a
805 1903 935 1988 [blank]

230 1990 434 2054 Hawosrfle.
478 1990 563 2074 Agn'
588 1990 842 2074 Watsdoughter
865 1991 952 2073 oepit
979 1991 1044 2055 duo
1074 1990 1199 2074 cotagie
1226 1990 1286 2054 viz.
1310 1991 1323 2073 j

186 2077 349 2161 ootagium
370 2077 486 2141 ultimo
508 2077 544 2140 in
565 2081 681 2142 tenura
695 2077 810 2161 Rogeri
825 2077 975 2142 Gaithird
990 2084 1023 2142 et
1037 2097 1165 2141 sursum
1185 2076 1327 2141 reddidit

185 2169 318 2248 propter
332 2163 568 2248 impoteneiam,
583 2170 616 2228 et
631 2163 719 2228 aliud
734 2163 895 2248 rotagium
906 2164 1021 2228 ultimo
1030 2169 1109 2228 vast.
1121 2188 1128 2228 :
1142 2163 1277 2228 haband.
1293 2170 1327 2227 et

186 2250 316 2315 tenend.
344 2251 384 2315 ad
413 2256 504 2315 term.
530 2251 607 2315 vitae
637 2271 712 2328 suae,
741 2251 829 2315 redd.
856 2272 886 2334 p.
913 2271 939 2315 a
966 2271 1024 2334 pro
1050 2252 1174 2335 eotagio
1204 2251 1326 2334 Rogare

186 2337 367 2420 Sehephird
384 2337 455 2402 ltd
471 2342 505 2402 et
524 2358 582 2422 pro
604 2337 667 2402 alio
682 2358 712 2422 p.
729 2359 755 2402 a
774 2338 844 2402 16d.
856 2375 899 2384 —
911 2336 1063 2402 Gres’m'a
1080 2338 1129 2402 od.
1140 2377 1184 2386 -
1194 2338 1326 2420 Injuno-

187 2429 259 2487 tum
274 2429 325 2488 est
339 2425 489 2488 omnibus
500 2425 688 2489 tenentibus
699 2423 787 2488 villae
795 2424 882 2507 quod
896 2424 1007 2488 nullus
1019 2443 1128 2488 eorum
1138 2426 1327 2508 permittant

186 2531 304 2576 uxores
318 2531 428 2575 eorum
443 2511 566 2596 ligarar'
581 2511 635 2576 vel
649 2510 795 2576 dedicere
809 2511 971 2594 aliquibus
986 2512 1026 2575 de
1040 2511 1109 2576 via’
1120 2551 1164 2560 -
1176 2511 1328 2594 Comper-

186 2603 258 2661 tum
273 2604 323 2662 est
337 2618 395 2680 per
409 2602 645 2662 sacramentum
660 2598 713 2681 [of
721 2599 803 2679 cipiet
811 2597 1082 2681 paraoaa]-qu0d
1097 2602 1181 2661 tarra
1196 2596 1327 2680 capellae

188 2685 228 2750 de
245 2685 403 2750 Heworth
417 2685 482 2750 ten’
497 2685 621 2749 domini
635 2684 794 2748 Willelmi
809 2681 976 2768 Capeliani
990 2684 1113 2749 tenebit
1126 2684 1328 2748 vicinitatem

187 2793 264 2836 oum
290 2772 405 2836 averiis
427 2771 495 2836 suis
521 2778 554 2836 et
579 2771 638 2835 fao'
663 2792 720 2855 pro
747 2771 869 2836 eisdem
889 2771 1013 2855 pr0[ut]
1035 2776 1182 2836 tenentes
1203 2769 1327 2834 domini

188 2858 309 2922 Prioris
330 2858 463 2924 iaciunt
506 2859 552 2922 Et
566 2857 679 2922 dicunt
694 2858 780 2942 qnod
795 2878 905 2922 omnes
927 2857 1085 2942 capellani
1099 2855 1229 2941 ospellae
1249 2876 1327 2938 praa

188 2945 285 3009 diotae
312 2965 370 3028 pro
399 2950 484 3010 terra
508 2945 661 3028 praedicta
685 2949 760 3008 ante
789 2944 927 3029 primam
955 2943 1176 3028 pestilenciam
1200 2963 1236 3007 ao
1260 2942 1325 3006 ten’

187 3053 299 3097 eorum
313 3032 460 3096 fecerunt
474 3031 677 3096 vicinitatem
691 3051 766 3096 oum
780 3031 966 3096 tenentibus
987 3030 1148 3114 praediotis
1170 3029 1206 3093 in
1221 3035 1326 3094 austo-

187 3119 244 3186 dia
257 3119 435 3183 averiorum
452 3138 583 3183 suorum
599 3118 683 3182 siout
698 3123 846 3182 tenentes
861 3117 979 3182 Prioris
994 3117 1118 3182 faciunt
1139 3137 1196 3202 pro
1211 3116 1326 3181 averiis

187 3205 265 3270 suis.
310 3205 516 3290 [“Ligarar'”
531 3226 608 3288 moy
616 3205 753 3288 possibly
767 3206 799 3269 ba
813 3204 1011 3289 “ligorar'.’']
1305 3203 1307 3208 ’

231 3293 365 3356 Dnssas'
377 3308 446 3356 aas.
458 3309 501 3356 on
512 3292 740 3356 Wronsrown.
780 3292 804 3355 J
804 3292 947 3356 ohannes
961 3291 1059 3375 Iagat
1074 3290 1159 3374 oepit
1173 3289 1326 3354 medieta-

187 3385 256 3443 tem
278 3379 455 3462 braoinagii
475 3379 516 3442 de
537 3379 726 3463 Wyuestow
741 3416 754 3427 -
770 3415 784 3428 -
799 3378 840 3443 ad
854 3383 945 3443 term.
968 3377 1003 3461 iij
1027 3397 1053 3442 a.
1077 3415 1090 3426 -
1113 3415 1126 3426 -
1148 3377 1234 3442 redd.
1250 3397 1280 3460 p.
1299 3397 1325 3441 a

190 3471 234 3530 6s
252 3465 303 3529 sd
314 3505 358 3514 -
369 3467 392 3530 J
393 3466 535 3530 ohannes
550 3465 590 3530 de
605 3464 752 3529 Hertlaw
762 3465 831 3548 jun.
847 3465 933 3549 oepit
944 3465 1041 3528 aliam
1055 3464 1267 3530 medietatem.
1284 3500 1296 3512 -
1313 3499 1325 3511 -

233 3551 315 3618 OUR'
344 3553 436 3616 sarr
465 3568 554 3616 APUD
585 3552 774 3616 Smronosar
803 3551 844 3616 de
872 3552 1058 3616 tenentibus
1087 3551 1193 3616 taroiae
1225 3550 1326 3632 partis

189 3639 361 3703 existentis
390 3639 426 3702 in
454 3659 554 3704 manu
583 3638 703 3702 Prioris
732 3639 860 3702 racione
892 3638 1025 3703 minoris
1054 3638 1158 3702 aetatis
1191 3636 1326 3700 haeredis

188 3725 356 3809 Radulphi
369 3725 503 3790 Bulmer
517 3725 569 3789 die
582 3725 719 3791 Veneris
733 3746 821 3809 pron
836 3732 910 3810 post
924 3725 1043 3790 festum
1058 3724 1206 3787 Annune.
1228 3722 1263 3784 B.
1275 3722 1325 3801 V„

188 3828 250 3877 nn.
263 3811 487 3896 m⁰oeo⁰lxxvj⁰
502 3810 730 3896 [foarjwrors].
774 3809 1193 3895 InjunetumestWillelmo
1205 3807 1326 3872 Maste·

187 3899 267 3982 lyon
282 3899 368 3982 quod
383 3899 522 3983 reparari
535 3898 634 3963 faeiat
647 3903 832 3962 tenemento
847 3919 912 3963 sua

233 3986 497 4050 Mnemosmvns
518 3985 559 4050 de
582 3985 742 4068 Suthwyk
759 3985 807 4050 rd.
822 3986 881 4062 oh,
904 3983 1039 4050 Fulwell
1063 3984 1122 4061 ad„
1135 3982 1327 4048 Wermouth

189 4072 241 4137 dd
257 4072 327 4137 ob.:
348 4072 404 4137 soi
419 4093 477 4156 pro
491 4073 515 4156 ij
532 4073 625 4136 annis
642 4078 687 4137 2s.
704 4071 753 4138 od

235 4159 317 4224 CUR’
343 4159 436 4223 ππ
461 4175 550 4223 APUD
576 4159 751 4223 Hasnnm
777 4159 829 4224 die
854 4158 971 4223 Martis
996 4178 1085 4242 prox.
1110 4162 1184 4241 post
1208 4157 1328 4222 festum

189 4245 341 4329 Corporis
366 4243 408 4310 X¹
433 4261 495 4311 no.
522 4245 751 4329 m⁰oee⁰lxxvj⁰.
812 4246 1004 4310 Ordinatum
1027 4251 1077 4311 est
1100 4266 1140 4310 ex
1165 4243 1329 4309 communi

189 4351 324 4398 assensu
338 4332 425 4416 quod
439 4333 548 4398 omnia
563 4331 697 4397 collecta
710 4337 779 4396 tam
792 4332 889 4396 blada
902 4353 1000 4417 quam
1019 4333 1125 4398 herbae
1146 4332 1230 4396 infra
1245 4352 1328 4396 eam·

187 4439 269 4503 pum
284 4418 480 4484 defferentur
501 4424 611 4504 aperte
632 4440 690 4504 per
704 4419 848 4484 medium
861 4419 949 4485 villae
963 4426 997 4484 et
1017 4440 1084 4485 non
1098 4426 1182 4484 retro
1196 4417 1328 4502 gardino

186 4506 222 4570 in
253 4506 626 4572 secretis—Johannes
649 4507 775 4570 Yotson
801 4506 841 4570 de
866 4507 1027 4572 Hesilden
1051 4506 1181 4570 nativus
1206 4503 1329 4568 domini

188 4592 282 4656 venit
296 4592 351 4658 hie
366 4593 402 4657 in
417 4593 506 4658 ouria
521 4599 555 4658 et
569 4592 656 4677 oepit
672 4614 774 4657 unum
789 4594 950 4678 ootagium
965 4598 998 4658 et
1012 4615 1034 4656 x
1049 4613 1138 4658 aoras
1152 4597 1243 4655 terrae
1258 4611 1330 4676 quae
