3278 5204
160 554 358 615 1364·1365.
425 564 584 614 nmmum
598 565 780 616 parcamus
795 534 1035 619 nuunnunrsrs.
1258 561 1298 619 35

158 723 313 807 Hugonis
339 742 507 807 quousque
532 723 578 787 sit
603 744 648 788 xv
673 743 840 790 annorum.
887 726 1030 792 Gres'ma
1056 733 1101 795 46.
1114 729 1273 794 —Beat'

158 810 246 874 Rose
271 810 357 894 cepit
379 809 419 874 di
443 809 595 894 bondagii
615 810 672 874 viz.
693 811 740 895 xij
763 831 852 878 acras
877 817 969 878 terrae
991 819 1024 878 ct
1046 814 1088 879 di
1110 835 1187 880 mes.
1212 815 1299 898 quod

159 896 348 961 Willelmus
372 897 456 961 Rosa
479 896 642 980 quondam
667 897 719 962 vir
739 918 819 963 suus
843 900 932 984 prius
957 901 1081 966 tenuit:
1107 901 1242 966 habend.
1265 907 1300 966 et

159 983 291 1047 tenend
307 982 348 1046 ad
359 989 451 1047 term,
467 984 544 1046 vitae
559 1003 645 1048 suae:
668 983 754 1049 redd.
771 1007 801 1069 p.
817 1007 842 1050 a
863 992 927 1052 12s.
950 988 1082 1070 argenti,
1097 995 1130 1052 et
1152 988 1298 1053 faciendo

159 1070 306 1134 Domino
320 1077 355 1133 61
367 1069 485 1133 vicinis
500 1091 573 1152 quae
585 1071 788 1138 incumbunt.
833 1072 919 1158 Pleg.
935 1074 1043 1138 Adam
1058 1074 1202 1153 Scotson,
1215 1074 1298 1137 Wil-
1433 1129 1440 1134 .

159 1155 280 1220 lelmus
296 1157 407 1220 Pouer.
451 1157 519 1220 Dat
533 1176 591 1240 pro
606 1158 739 1240 gres'ma
755 1159 827 1222 40d.

206 1245 510 1308 Dar-Maurusrom
556 1244 747 1326 Injunctum
768 1251 818 1310 est
838 1245 1024 1310 tenentibus
1046 1247 1142 1312 istius
1156 1247 1243 1312 villae
1265 1251 1299 1312 et

159 1329 300 1393 aliarum
314 1329 467 1393 villarum
482 1329 618 1394 dominii
640 1351 681 1395 nc
695 1332 830 1397 veniant
844 1332 884 1395 ad
898 1332 1042 1416 aliquam
1063 1334 1185 1399 curiam
1207 1341 1298 1400 extra

159 1416 343 1480 dominium
371 1436 429 1498 pro
458 1416 587 1499 dampn’
614 1416 687 1484 lact’
713 1438 770 1501 per
794 1418 902 1483 averia
929 1439 988 1484 sua
1013 1424 1051 1483 ut
1077 1422 1298 1498 amercicntur‚

110 1541 114 1548 ·
160 1507 195 1566 61
210 1503 298 1586 quod
316 1503 440 1586 jaciant
461 1502 705 1568 emendaciones
726 1508 869 1589 tempore
891 1507 1053 1588 capcionis
1066 1509 1121 1572 vel
1137 1509 1298 1592 proferent

159 1589 297 1666 emend„
312 1589 352 1654 de
367 1609 463 1672 poena
478 1590 550 1654 lod.
566 1591 708 1655 solvend.
724 1591 889 1674 perillum
904 1593 962 1675 qui
976 1593 1011 1655 in
1026 1593 1152 1660 delicto.

207 1675 380 1758 [Attached
401 1683 435 1740 to
460 1676 517 1740 the
538 1675 600 1740 roll
616 1678 652 1740 of
670 1682 761 1756 1364,
778 1679 847 1743 Iar
871 1679 997 1762 against
1018 1680 1143 1758 Acuti,
1158 1701 1210 1744 arc
1232 1686 1297 1744 two

160 1782 288 1826 narrow
297 1762 376 1845 slips
385 1763 421 1826 of
431 1763 630 1845 parchment,
639 1765 828 1848 containing
842 1765 897 1829 the
911 1764 1078 1850 following
1091 1767 1299 1831 memoranda

161 1849 299 1913 marked
319 1871 341 1912 a
362 1849 427 1912 end
449 1851 473 1914 b.
517 1849 585 1914 The
607 1852 724 1935 abrupt
745 1857 1019 1917 commencement
1042 1854 1078 1916 of
1100 1853 1156 1916 tha
1181 1853 1299 1917 second

161 1955 226 1999 one
249 1935 355 2001 shows
377 1936 451 2000 that
472 1955 515 2000 sn
536 1937 760 2003 intermediate
785 1938 899 2022 slipis
921 1939 1074 2024 wanting.
1121 1940 1168 2004 of.
1195 1939 1299 2022 Aclay

161 2021 229 2085 and
243 2022 327 2104 Fery
340 2021 376 2084 in
390 2021 446 2086 the
460 2022 674 2107 Produc-ium]

208 2108 257 2192 [a]
273 2109 336 2173 Isti
359 2113 436 2172 sunt
448 2108 544 2174 liberi
558 2115 706 2174 tenentes
721 2109 810 2175 villae
824 2110 864 2175 de
879 2109 996 2195 Aolyff.
1041 2112 1083 2175 In
1101 2111 1214 2193 primis
1229 2111 1297 2176 Ric.

163 2194 205 2259 (16
231 2194 418 2259 Heuworth.
463 2197 549 2260 Item
578 2197 655 2261 Tho.
679 2198 879 2280 Perkynson.
923 2199 1009 2262 Item
1038 2198 1123 2262 Gilb.
1146 2198 1296 2263 Rendolf.

162 2283 252 2346 Item
281 2282 370 2346 Will.
397 2281 547 2346 Warand.
606 2283 694 2347 Item
719 2284 792 2348 Nic.
823 2285 863 2349 (16
893 2283 1034 2368 Gipwik.
1092 2285 1179 2349 Item
1208 2285 1298 2350 Will.

161 2369 320 2432 Yeutson.
363 2369 449 2432 Item
470 2369 559 2433 Will
576 2370 705 2436 Power.
749 2370 835 2434 Item
851 2369 946 2435 'Will
964 2370 1017 2434 del
1038 2371 1202 2436 Neuhous.
1247 2372 1317 2436 De'

161 2454 238 2519 istis
259 2455 441 2538 inquiratur
465 2475 538 2538 quae
563 2460 662 2520 terres
685 2461 718 2520 61
739 2457 804 2520 ten'
826 2462 940 2522 tenent
963 2457 1064 2522 libere
1089 2463 1122 2521 61
1147 2477 1205 2540 per
1226 2478 1298 2540 quae

161 2541 310 2620 servicia,
324 2546 357 2605 et
379 2543 551 2607 ostendant
572 2547 684 2620 cartas,
700 2548 732 2607 et
747 2563 819 2626 ques
840 2548 931 2607 161166
946 2549 979 2608 61
1000 2545 1064 2607 ten’
1080 2544 1120 2607 (16
1142 2545 1299 2608 scaccario

160 2628 300 2691 Domini
329 2629 448 2692 Prioris
478 2634 511 2693 61
539 2649 597 2712 per
626 2650 699 2712 quac
732 2630 873 2694 servicia
940 2631 1129 2713 Inquiratur
1156 2630 1197 2693 (16
1225 2631 1298 2694 istis

161 2715 304 2797 qualiter
325 2715 504 2778 manerium
525 2721 735 2794 sustentatur,
750 2723 783 2780 et
805 2717 946 2800 qualiter
966 2721 1083 2793 aratur,
1105 2723 1139 2780 61
1161 2717 1300 2799 qualiter

161 2801 229 2865 ten’
256 2801 463 2879 aedificantur,
486 2806 519 2865 et
546 2802 685 2885 qualiter
706 2807 789 2867 terra
814 2803 949 2867 manerii
972 2803 1300 2885 competatur.-In-

161 2887 312 2970 quiratur
332 2888 372 2951 (16
394 2889 540 2952 custodia
562 2889 670 2954 tercies
691 2890 793 2974 partis
815 2895 908 2954 terrac
931 2889 1063 2952 Roberti
1088 2887 1129 2952 (16
1156 2887 1300 2977 Doudall

160 2974 252 3057 apud
266 2971 370 3058 Aelay
380 2982 414 3038 61
427 2974 518 3058 Fery.

198 3061 244 3144 [1]
253 3081 357 3123 unum
364 3081 504 3145 mesuag.
517 3066 550 3125 et
559 3060 652 3144 xlviij
670 3082 730 3127 661.
739 3067 832 3126 terrae
840 3081 913 3145 quae
921 3060 1108 3125 venduntur
1117 3080 1174 3144 per
1181 3060 1300 3143 parcel-

162 3147 263 3211 lasde
273 3147 390 3229 quibus
399 3148 481 3212 acris
489 3147 576 3212 filius
585 3148 742 3232 Stephani
751 3148 873 3212 Barker
881 3148 994 3212 debuit
1002 3147 1300 3211 iuisseincustodia

160 3233 302 3296 Domini
315 3235 443 3310 Prioris,
458 3240 492 3298 ct
505 3234 620 3298 habuit
634 3239 733 3300 terras
755 3235 791 3297 in
805 3235 886 3299 villa
900 3235 940 3298 (16
955 3235 1159 3318 Meryngton,
1173 3235 1300 3300 racione

162 3319 299 3383 minoris
314 3321 419 3384 aetatis
441 3321 585 3403 ejusdam
599 3321 660 3384 filii
682 3328 716 3386 61
736 3320 862 3386 heredis
884 3321 936 3404 pd.
953 3321 1119 3404 Stephani,
1130 3341 1202 3403 quse
1215 3326 1300 3385 terra

161 3407 229 3469 fuit
251 3405 403 3470 Nicholai
424 3407 464 3471 de
486 3408 611 3472 Ketton
633 3429 674 3472 ex
696 3407 780 3471 dono
801 3407 947 3491 praedicti
968 3407 1114 3485 Domini
1127 3408 1245 3472 Prioris
1267 3412 1300 3471 et

162 3498 345 3557 conventus
366 3498 400 3557 61
421 3493 575 3577 quaslibet
599 3513 672 3558 acra
692 3494 799 3558 reddit
823 3514 854 3576 p.
876 3515 904 3560 a.
926 3515 1029 3558 unum
1052 3494 1219 3558 denarium
1245 3493 1298 3577 [cf.

162 3579 399 3664 Penny-larm].
444 3580 596 3645 Haeredes
610 3580 713 3663 ipsius
728 3580 879 3645 Nicholsi
893 3589 971 3645 sunt
984 3581 1084 3644 Dicta
1105 3580 1248 3644 Randolf
1267 3585 1301 3643 61

162 3665 255 3731 Will
270 3666 423 3743 Warand
437 3672 471 3731 et
483 3666 583 3731 molet
597 3665 666 3752 [sic]
690 3668 732 3731 ad
753 3667 891 3733 molend.
904 3667 1040 3730 Domini
1060 3667 1101 3730 (16
1123 3665 1238 3749 Aclyff
1258 3665 1299 3729 ad

163 3752 247 3835 xviij
277 3773 344 3818 vas.
359 3790 403 3799 —
418 3754 504 3818 Item
532 3753 715 3837 inquiratur
738 3774 803 3836 qua
830 3753 966 3819 licencia
986 3752 1075 3817 Will.
1097 3752 1183 3814 Yutt
1211 3756 1301 3815 tenet
1388 3808 1391 3813 .

161 3844 284 3902 terram
294 3860 366 3922 quae
376 3839 611 3904 fuitA1ianorae
622 3839 662 3904 (16
674 3839 832 3923 Olyfland,
841 3860 914 3923 quse
926 3839 1036 3904 saisita
1044 3837 1109 3901 fuit
1120 3838 1155 3900 in
1166 3857 1300 3901 manum

163 3925 302 3990 Domini
316 3943 372 4009 pro
387 3925 515 3991 defectu
529 3925 672 3992 haeradis.
687 3927 837 4003 -Item,
851 3927 995 3994 defectus
1010 3924 1098 4008 parci
1112 3944 1178 3988 non
1192 3945 1300 3989 emcn-

165 4011 287 4075 dantur
306 4033 364 4095 per
385 4013 527 4078 forestar.
549 4013 590 4076 de
611 4012 727 4097 fagotis
741 4013 883 4077 venditis
905 4032 979 4076 oum
1000 4017 1110 4075 tamen
1132 4010 1300 4076 sufficient’

161 4097 281 4162 habuit
306 4105 435 4181 tempus
465 4099 659 4164 emendandi
688 4099 787 4164 defeo’
816 4099 868 4182 pd.
883 4137 928 4148 -
943 4099 1131 4183 Inquiratur
1159 4098 1188 4163 si
1216 4103 1301 4162 terra

164 4184 295 4248 Sabinae
309 4185 415 4250 solvet
434 4186 591 4251 relevium
607 4207 648 4249 an
663 4206 792 4250 1611-
803 4186 1051 4250 Memorandum
1065 4185 1106 4249 ad
1120 4184 1302 4268 inquirend.

164 4270 205 4335 (16
220 4271 267 4354 xij
284 4291 311 4335 a.
326 4276 419 4336 terrae
433 4293 514 4356 quas
535 4273 603 4337 Rie.
619 4272 659 4337 de
674 4272 832 4337 Heworth
853 4278 944 4336 tenet
956 4277 995 4335 ut
1009 4272 1110 4336 libera
1130 4279 1215 4337 terra
1236 4291 1303 4346 sua,

164 4356 237 4441 [616]
253 4377 326 4440 quoe
342 4366 420 4424 sunt
433 4365 517 4425 terra
531 4359 666 4423 Domini
681 4359 800 4423 Prioris
821 4365 860 4422 ut
875 4359 1002 4435 dicitur,
1017 4358 1057 4422 (16
1080 4359 1197 4443 quihus
1211 4357 1302 4422 Will.

161 4445 308 4508 Warand
331 4445 375 4509 sit
394 4446 482 4531 [scit]
497 4447 675 4511 veritatem.
687 4481 731 4492 -
742 4446 990 4510 Memorandum
1005 4445 1046 4509 ad
1068 4444 1247 4528 inquirend.
1263 4444 1303 4507 (16

161 4531 308 4594 manerio
323 4538 357 4596 et
372 4532 412 4596 de
427 4533 525 4598 stuffo
547 4533 701 4616 ejusdem,
716 4532 803 4598 etde
819 4533 920 4598 edific'
934 4531 1070 4596 manerii
1084 4538 1117 4595 61
1130 4528 1274 4612 bondeg'.
1371 4617 1374 4623 1
