3110 5220
265 564 303 620 18
523 571 680 619 HALMOTA
695 571 876 619 PRIORATUS
891 568 1129 618 DUNELMENSIS.
1302 558 1393 617 1345.

261 729 409 813 operibus
439 721 511 812 quae
540 727 713 811 aliquando
746 728 884 792 faciebat
915 729 1056 792 manerio
1085 728 1125 791 de
1155 726 1312 791 Heworth
1344 726 1392 790 9d.

262 818 372 882 G’sma
388 821 431 879 bs.
447 814 589 879 solvend.
604 815 645 878 ad
660 814 742 877 festa
755 814 785 878 S.
798 814 968 879 Michaelis
980 821 1013 878 et
1023 813 1161 878 Martini
1172 834 1259 896 prox.
1275 813 1393 877 futura.

262 903 348 986 Pleg.
364 901 519 966 Rioardus
534 901 621 965 filius
636 900 800 984 Radulphi
815 906 847 964 et
862 901 1017 965 Ricardus
1032 901 1073 965 de
1089 900 1241 983 Coquina

305 990 537 1052 Wraruourn.
575 987 776 1070 Praeceptum
792 993 840 1050 est
855 987 941 1070 quod
956 1009 978 1050 x
992 1007 1073 1051 acrae
1087 992 1179 1052 terrae
1193 1006 1273 1070 quas
1287 985 1395 1049 Alicia

263 1074 366 1159 Willy
380 1074 562 1138 tabemavit
576 1073 711 1138 diversis
726 1074 767 1137 ad
782 1073 924 1138 diversos
939 1073 1091 1138 terminos
1107 1078 1140 1138 et
1161 1074 1184 1156 ij
1208 1093 1289 1136 acrae
1302 1077 1395 1136 terrae

262 1182 342 1245 quas
368 1162 509 1245 Rogerus
532 1160 572 1224 de
593 1160 765 1243 Wardeley
786 1160 967 1224 tabernavit
993 1160 1117 1224 Simoni
1142 1159 1182 1223 de
1204 1159 1394 1223 Moreslawe

183 1269 185 1274 ·
262 1248 431 1331 capiantur
444 1248 480 1310 in
494 1267 628 1315 manum
642 1246 769 1324 Prioris,
785 1246 862 1329 quia
877 1247 946 1310 sine
960 1246 1137 1310 licenciam.

305 1335 535 1398 ersrowa
580 1332 746 1397 Johannes
769 1332 856 1396 filius
879 1332 1040 1397 Jchannis
1063 1333 1103 1396 de
1127 1332 1253 1396 Herton
1276 1332 1392 1415 cepitj

261 1421 382 1485 tostum
397 1425 430 1484 et
448 1419 493 1502 xij
518 1439 605 1483 acras
628 1424 728 1496 terrae,
751 1420 896 1484 faciendo
921 1439 1016 1502 opera
1037 1419 1179 1482 manerio
1201 1424 1297 1500 prout
1319 1438 1394 1481 con·

262 1508 384 1571 tinetur
406 1507 441 1570 in
462 1503 493 1569 le
519 1505 681 1572 Landbok.
729 1505 821 1570 Idem
847 1505 934 1588 oepit
960 1506 1040 1569 duas
1065 1525 1154 1570 acras
1180 1510 1280 1582 terrae,
1306 1503 1392 1568 redd.

261 1615 292 1676 p.
320 1614 346 1656 a.
375 1593 464 1656 lou:
501 1592 545 1654 Et
570 1613 592 1655 v
618 1612 706 1656 acras
734 1598 827 1656 terrae
852 1592 892 1656 de
915 1592 1093 1668 dominicis,
1116 1591 1202 1656 redd.
1225 1612 1254 1675 p.
1279 1611 1305 1654 a.
1331 1596 1394 1654 ds:

262 1681 305 1742 Et
326 1679 382 1762 viij
403 1699 491 1742 acres
513 1677 553 1742 de
575 1686 659 1743 terra
674 1679 805 1743 Ricardi
826 1678 987 1754 Hosteler,
1009 1678 1097 1742 redd.
1119 1698 1149 1762 p.
1172 1699 1198 1742 a.
1225 1682 1289 1741 10s.
1313 1697 1395 1760 quas

263 1766 369 1830 dictus
391 1767 414 1830 J
415 1765 556 1829 ohannes
578 1769 669 1850 pater
690 1785 768 1829 suus
789 1767 879 1849 prius
901 1766 1015 1829 tenuit.
1058 1765 1102 1828 Et
1124 1764 1180 1828 dat
1201 1764 1243 1827 ad
1261 1764 1395 1848 g’smam

263 1859 329 1916 33s.
347 1852 396 1916 ld.
412 1851 553 1951 solvend.
570 1849 657 1938 [eta]
669 1885 714 1951 ss
724 1851 842 1915 Matill’
857 1851 927 1951 filia
940 1851 963 1915 J
964 1851 1099 1950 ohannis
1114 1851 1153 1915 de
1169 1850 1295 1914 Herton
1309 1850 1396 1950 oepit

261 1958 428 2089 titul
438 1938 726 2108 {illust-¹512
736 1938 874 2096 titt?
888 1937 1396 2107 ltttlttlsstttltt

263 2112 319 2176 dat
333 2112 374 2175 ad
388 2111 521 2194 g’smam
539 2111 609 2175 md.

305 2198 440 2262 sauma
484 2197 668 2262 Willelmus
684 2202 717 2261 et
730 2198 754 2262 J
755 2197 896 2262 ohannes
910 2197 971 2260 filii
981 2195 1140 2260 Willelmi
1154 2195 1195 2260 de
1210 2195 1395 2274 Bleukowe,

261 2283 1089 2452 dilihildihntfditaaedirhedmdulialiidlineliclldmwnilldlhllllie
1103 2282 1397 2433 (lllhlsnlibnwdnmaithi

261 2457 405 2540 ipsorum
429 2456 588 2520 Willelmi
614 2463 646 2521 et
672 2456 831 2522 Johannis
858 2457 948 2540 prius
968 2455 1094 2520 tenuit:
1122 2455 1276 2520 haband:
1306 2455 1394 2520 redd.

261 2563 291 2626 p.
308 2563 335 2607 a.
356 2542 433 2625 xijd
480 2541 598 2606 G's'ma
615 2549 679 2608 los.
703 2543 843 2608 solvend.
866 2543 907 2606 ad
929 2543 1048 2607 festum
1064 2543 1094 2607 S.
1111 2541 1282 2606 Michaelis
1303 2562 1393 2625 prox.

260 2631 416 2693 futurum.
460 2629 503 2692 Et
525 2630 602 2712 quia
627 2623 707 2693 dicti
731 2629 915 2694 Willelmus
946 2634 979 2694 et
1007 2629 1174 2694 Johannes
1200 2629 1247 2692 ita
1276 2633 1395 2693 tenerae

261 2714 366 2779 aetatis
389 2721 466 2779 sunt
487 2715 573 2798 quod
595 2717 745 2780 nesciunt
767 2717 872 2780 adhuc
892 2715 1013 2799 seipsos
1035 2715 1211 2800 gubernare
1232 2735 1292 2779 nec
1307 2715 1395 2778 dicto

260 2801 342 2865 tofto
357 2801 533 2885 disponere,
556 2803 742 2867 Willelmus
766 2802 854 2866 filius
879 2802 957 2866 Edae
982 2802 1168 2884 manucepit
1193 2821 1261 2865 esse
1287 2807 1395 2866 custos

261 2895 295 2952 et
310 2893 436 2952 curator
458 2909 567 2952 eorum
591 2890 632 2954 ad
654 2889 827 2954 terminum
843 2889 899 2972 viij
917 2909 1074 2952 annorum
1095 2909 1184 2971 prox.
1199 2888 1296 2952 futur.
1342 2888 1396 2951 Ita

261 2974 347 3057 quod
362 2975 557 3056 sufficienter
578 2977 739 3059 reparabit
754 2982 787 3040 et
802 2976 997 3040 sustentabit
1012 2975 1136 3038 dictum
1151 2975 1270 3038 toftum
1285 2994 1395 3057 sump-

259 3062 348 3124 tibus
370 3062 515 3144 propriis.
560 3063 603 3126 Et
625 3062 757 3126 habehit
778 3063 957 3145 proficuum
980 3061 1058 3125 dicti
1082 3062 1157 3136 tosti
1179 3061 1313 3125 durante
1335 3066 1396 3124 ter-

260 3148 349 3210 mino
360 3149 520 3230 praedicto.
558 3150 601 3213 Et
616 3150 811 3213 sustentabit
826 3169 879 3213 eos
894 3149 929 3210 in
940 3149 1030 3211 victu
1045 3153 1077 3211 et
1090 3147 1213 3212 vestitu
1227 3146 1395 3211 sufficient.

260 3239 294 3298 et
315 3233 492 3317 hospitabit
507 3255 560 3299 eos
581 3235 617 3298 in
638 3236 720 3300 tofto
742 3235 894 3318 praedicto
916 3235 1051 3298 durante
1074 3234 1211 3298 termino
1231 3233 1393 3316 praedicto.

260 3320 304 3383 Et
329 3320 365 3382 in
390 3321 454 3384 fine
476 3321 714 3403 viij-annorum
736 3321 962 3404 praedictorum
986 3320 1131 3403 praedicti
1155 3320 1339 3384 Willelmus
1363 3326 1396 3384 et

259 3405 427 3470 Johannes
453 3407 621 3470 intrabunt
647 3409 682 3470 in
711 3407 901 3490 praedictum
930 3407 1050 3470 toftum
1083 3412 1115 3470 et
1147 3406 1230 3470 illud
1262 3406 1395 3490 pacifice

259 3491 426 3556 habebunt
448 3499 481 3556 et
502 3494 660 3557 tenebunt
681 3495 801 3577 absque
816 3493 1047 3577 impedimento
1070 3492 1122 3557 vel
1141 3493 1395 3557 contradiccione

259 3578 407 3660 praedicti
435 3578 594 3643 Willelmi
623 3580 683 3644 filii
707 3581 791 3644 Edae.
813 3580 922 3663 ·Pleg.
949 3580 1056 3643 Adam
1082 3581 1222 3663 Leyney,
1251 3578 1394 3644 Waltero

260 3664 351 3741 Yole,
366 3671 400 3728 et
414 3666 599 3730 Willelmus
615 3667 655 3731 de
671 3667 807 3749 Byrden.

302 3751 499 3816 Prrmsuou
515 3754 613 3818 Suus.
654 3753 762 3817 Adam
776 3752 1031 3817 Molendinamus
1047 3753 1133 3836 cepit
1147 3753 1191 3836 vij
1209 3772 1306 3828 acras,
1321 3758 1354 3816 et
1368 3752 1391 3834 ij

258 3838 350 3902 rodas
366 3845 457 3903 terrae
472 3839 512 3903 de
527 3840 696 3904 dominicis
718 3840 858 3908 Manerii
880 3840 921 3903 de
934 3839 1119 3923 Pytingdon
1138 3840 1281 3922 jacentes
1297 3858 1394 3921 super
1429 3893 1433 3900 .

258 3925 470 3990 Wardeknoll
487 3928 584 4009 juxta
608 3933 726 3991 terram
752 3926 869 3990 Isoldae
895 3926 1014 3990 relictae
1040 3925 1189 4010 Hugonis
1215 3925 1393 4008 Lymbryn-

257 4031 351 4074 nere:
376 4011 528 4077 haband:
551 4014 637 4077 redd.
653 4035 682 4097 p.
697 4034 723 4077 a.
738 4034 795 4096 pro
808 4033 881 4077 acra
899 4014 968 4076 10d.
1007 4012 1050 4075 Et
1066 4011 1121 4076 dat
1137 4012 1178 4075 ad
1192 4013 1324 4095 g'smam
1342 4011 1391 4074 6d.

249 4096 300 4244 xEl
316 4097 450 4220 ipocipiet
466 4098 588 4163 solvere
610 4101 735 4164 firmam
757 4099 798 4162 ad
820 4099 939 4163 festum
955 4099 1046 4162 Pent.
1062 4098 1159 4161 Anno
1181 4097 1315 4161 Domini
1332 4102 1391 4161 etc.

296 4203 326 4265 ν]
354 4235 359 4246 .
1029 4241 1031 4244 .

300 4269 551 4333 EST-Ramnes.
596 4273 646 4335 De
661 4271 827 4335 Willelmo
839 4271 1004 4335 Massham
1020 4278 1052 4334 et
1067 4271 1216 4334 omnibus
1229 4269 1318 4334 villae
1333 4271 1391 4354 qui

257 4359 367 4420 tenent
393 4356 490 4420 boves
514 4377 571 4439 pro
597 4359 708 4434 caruo’,
734 4365 849 4440 praeter
872 4357 1075 4422 Willelmum
1101 4357 1305 4432 Firmarium,
1332 4377 1391 4440 pro

223 4475 226 4482 ,
255 4440 394 4524 dampno
409 4442 493 4507 facto
508 4443 543 4505 in
558 4445 657 4526 pratis
672 4445 695 4508 J
697 4444 833 4508 ohannis
848 4444 900 4508 del
914 4445 993 4508 Wra
1008 4444 1049 4507 ad
1063 4443 1242 4527 dampnum
1259 4443 1309 4506 9d.

297 4529 583 4594 Wusr-Rururou.
628 4531 679 4594 De
705 4531 886 4594 Christiana
910 4530 1028 4594 ancilla
1051 4530 1223 4594 Forestarii
1239 4551 1295 4612 pro
1319 4529 1392 4614 leyr
