3278 5204
201 519 291 580 1370.
464 529 622 578 timuere
638 527 1074 580 carosanuscuanmrcasrs.
1296 521 1337 582 95

197 689 308 753 Ravon
330 707 390 772 pro
412 706 522 752 orrum
543 687 589 771 xij
613 707 759 752 acrarum
780 691 873 752 terrae
895 707 1000 772 nuper
1020 687 1057 752 in
1082 692 1198 754 tenura
1220 689 1339 755 Isoldae

197 776 307 840 uxoris
319 795 387 839 suae
401 775 578 859 peripsum
589 774 737 839 seminat'
752 781 826 859 post
837 780 974 839 mortem
984 774 1147 857 praedictae
1162 775 1281 840 Isoldse
1293 783 1339 842 8s.

240 862 464 926 Moaasnawa.
508 861 588 926 Dies
611 861 705 926 datus
728 867 778 934 est
792 861 959 926 Willelmo
980 861 1047 924 filio
1063 861 1193 926 Thomae
1215 861 1256 926 ed
1278 863 1339 928 fac’

197 949 301 1033 legem
316 969 409 1012 suam
423 967 535 1012 versus
549 947 734 1012 iohannem
748 948 887 1012 Watson
901 947 989 1032 apud
1003 948 1136 1014 Hebem
1148 947 1188 1014 de
1198 969 1236 1014 eo
1251 949 1339 1033 quod

198 1056 264 1100 non
278 1034 430 1099 vendidit
444 1034 577 1119 praefato
591 1034 737 1099 Johanni
758 1034 872 1098 fimum
895 1055 991 1098 suum
1013 1035 1100 1118 apud
1123 1034 1338 1100 Hetheworth

197 1143 257 1206 pro
267 1127 313 1187 ds.
323 1121 374 1185 ad
386 1127 419 1186 et
430 1121 632 1205 illudpostee
642 1121 967 1186 vendiditWillelmo
977 1121 1090 1204 Ghevy
1101 1122 1217 1206 cumvj
1231 1143 1338 1190 manu

242 1209 341 1274 Facu.
364 1209 416 1272 De
431 1209 615 1292 Mergarete
628 1209 839 1291 Ferywoman
860 1228 917 1292 pro
939 1207 1017 1291 leym,
1034 1210 1339 1293 6d—-Injunctum

198 1301 250 1360 est
272 1296 395 1379 Rogero
418 1294 458 1359 de
479 1294 609 1378 Trallop
630 1294 718 1377 quod
737 1295 778 1358 dc
800 1300 906 1360 cetero
932 1315 998 1360 non
1022 1295 1123 1360 faciat
1148 1296 1271 1362 calcem
1298 1297 1339 1362 de

200 1383 303 1465 petris
326 1381 461 1445 Domini
483 1381 553 1446 sine
574 1381 718 1446 licencia
763 1380 955 1463 Injunctum
969 1387 1020 1447 est
1037 1383 1236 1466 juratoribus
1251 1383 1339 1468 quod

199 1469 334 1532 videant
348 1473 381 1532 et
395 1467 562 1551 inquirant
584 1475 616 1532 et
633 1473 831 1552 praesentent
851 1468 893 1532 ad
915 1469 1004 1551 prox'
1027 1469 1067 1533 de
1089 1471 1339 1554 transgressione

199 1556 286 1619 facta
300 1575 358 1638 per
371 1553 558 1637 praedictam
573 1555 735 1638 Rogerum
749 1554 784 1618 in
796 1553 865 1619 solo
876 1554 1018 1620 Domini
1029 1592 1074 1602 —
1085 1555 1277 1640 Injunctum
1289 1563 1339 1623 est

200 1641 352 1705 omnibus
373 1641 560 1706 tenentibus
575 1641 663 1705 villae
685 1641 773 1724 quod
794 1641 910 1724 nequis
932 1661 1042 1706 eorum
1064 1642 1183 1706 sucoid'
1198 1644 1283 1710 bosc'
1299 1644 1339 1709 de

200 1727 413 1792 Ferioliffnoc
422 1727 546 1812 aliquid
555 1727 661 1812 capiat
671 1728 741 1792 sine
752 1727 825 1791 visu
834 1728 1231 1793 forestar'.-Ordinotum
1240 1735 1290 1794 est
1299 1749 1340 1794 ex

200 1814 366 1879 communi
378 1834 510 1879 assensu
521 1813 607 1898 quod
619 1814 727 1878 minus
739 1814 879 1897 [nullus]
891 1835 1002 1878 eorum
1013 1814 1163 1899 depascat
1174 1821 1340 1898 pasturam

202 1903 323 1966 bovum
333 1901 411 1964 dum
419 1901 696 1966 tenentesvadunt
704 1901 745 1964 ad
754 1902 1005 1966 carucae-Do
1014 1900 1120 1965 Adam
1130 1901 1340 1986 Graundorge

202 2008 260 2072 pro
275 1988 528 2071 transgressione
542 1988 629 2052 facte
643 1988 783 2051 Roberto
798 1988 924 2071 Letany
934 1987 1098 2053 occidend'
1109 1988 1195 2053 vaoc’
1211 1991 1286 2066 sua',
1297 1989 1339 2053 ad

202 2075 310 2158 damp
327 2078 381 2152 is,
398 2073 447 2139 cd.
491 2074 572 2138 Dies
588 2074 683 2138 dotus
698 2079 748 2140 est
763 2074 868 2138 eidem
882 2074 964 2138 Adae
984 2075 1025 2138 ad
1047 2074 1107 2140 sac’
1120 2074 1226 2158 legem
1247 2095 1340 2140 suam

201 2181 314 2227 versus
337 2160 512 2225 Ricardum
533 2159 637 2224 filium
659 2161 749 2225 Petri
775 2161 815 2225 de
841 2181 878 2225 eo
903 2161 989 2245 quod
1016 2181 1081 2225 non
1107 2161 1203 2246 fregit
1223 2163 1340 2226 tibiam

204 2267 311 2312 vaccae
337 2267 404 2312 suae
425 2248 503 2312 hinc
525 2247 567 2311 ed
587 2247 678 2332 prox’
700 2248 764 2312 cur'
788 2267 863 2312 cum
884 2248 943 2332 vji⁸
963 2269 1070 2312 manu
1114 2249 1191 2314 Non
1213 2249 1341 2315 invenit

201 2333 294 2419 pleg'.
340 2335 418 2398 Ideo
432 2334 606 2419 praedictus
621 2333 778 2398 Ricardus
792 2339 959 2418 recuperet
972 2355 1084 2400 versus
1099 2355 1182 2400 enm.
1227 2336 1340 2401 Consi·

203 2422 350 2486 denatum
365 2427 414 2484 est
429 2420 516 2505 quod
531 2420 671 2485 Isabella
681 2421 749 2484 filia
763 2422 787 2486 J
787 2421 879 2485 acobi
891 2421 1041 2505 Skynner
1051 2426 1218 2506 recuperet
1228 2443 1340 2488 versus

202 2508 365 2592 Rogemm
380 2507 419 2572 de
434 2507 562 2592 Trollop
580 2514 622 2571 os.
637 2528 696 2590 pro
708 2507 722 2590 j
738 2528 837 2572 vacca
852 2508 956 2591 ipsius
972 2508 1120 2573 Isebellae
1141 2529 1200 2592 per
1209 2530 1341 2574 vaccam

202 2594 308 2677 ipsius
329 2594 446 2678 Rogeri
466 2595 670 2658 interfectam
691 2601 788 2678 prout
806 2601 917 2677 pastor
934 2595 1004 2677 jud.
1049 2596 1100 2658 De
1121 2595 1193 2660 Ado
1216 2596 1340 2660 Groun-

203 2682 301 2765 dorge
321 2701 379 2764 pro
393 2681 407 2764 j
423 2701 522 2745 vacca
543 2681 675 2746 Ricardi
696 2680 757 2744 filii
778 2681 868 2746 Petri
888 2681 1058 2746 interfecta
1080 2681 1121 2745 ad
1143 2682 1250 2766 damp’
1267 2689 1341 2758 lOs,

203 2768 240 2830 in
255 2766 472 2832 misericordia
487 2767 537 2832 td

249 2854 555 2919 Necnon-Karrea.
599 2853 724 2918 Alanus
750 2853 923 2938 Bischopp,
944 2854 1069 2917 Alanus
1097 2853 1256 2932 Seriaunt,
1279 2855 1342 2918 Ro·

205 2940 316 3005 bertus
325 2940 414 3017 Wili,
430 2947 462 3004 et
477 2939 632 3004 Ricardus
648 2939 701 3004 del
715 2940 855 3017 Neuton‚
868 2941 930 3024 jur.
947 2939 1185 3022 —Injunotum
1200 2947 1249 3004 est
1260 2941 1343 3004 Wil-

203 3027 304 3092 lelmo
319 3027 396 3092 Scot
410 3032 443 3090 et
454 3026 560 3091 Alana
571 3027 735 3108 quondam
750 3027 902 3092 servienti
917 3026 956 3090 de
971 3025 1097 3089 Kctton
1112 3027 1199 3110 quod
1210 3028 1344 3092 videant

204 3120 306 3178 terres
328 3121 362 3178 et
376 3120 559 3178 tenements
573 3113 609 3176 in
623 3113 755 3178 Neuton
770 3113 805 3178 in
819 3119 979 3196 quantum
993 3112 1225 3178 deteriorentur
1240 3121 1273 3179 et
1286 3135 1344 3197 per

204 3207 366 3285 quantum
387 3207 524 3283 possunt
543 3200 685 3283 reparari
706 3200 787 3264 citra
808 3220 896 3282 prox.
919 3220 983 3264 cur.
1006 3206 1040 3263 et
1061 3205 1258 3282 praesentant
1274 3201 1342 3286 [sio]

206 3289 268 3351 sub
283 3306 380 3370 poena
392 3287 463 3350 scd.
474 3320 519 3332 —
530 3286 740 3370 compertum
755 3293 805 3351 est
818 3306 876 3369 per
885 3287 947 3369 jur.
963 3286 1050 3370 quod
1065 3307 1167 3351 unum
1182 3288 1344 3373 ootagium
1456 3281 1459 3292 ’

206 3373 371 3457 quondam
392 3374 429 3436 in
450 3379 565 3437 tenura
585 3375 609 3438 J
610 3372 746 3437 ohannis
769 3373 860 3437 Paite
875 3373 1087 3438 deterioratur
1108 3373 1150 3438 ad
1164 3375 1344 3440 valenciem

207 3468 252 3525 2s.
296 3461 341 3523 Et
355 3460 458 3525 eciam
467 3459 555 3542 quod
564 3459 728 3542 quondam
737 3459 844 3523 Tufall
854 3460 1014 3524 intentus
1028 3460 1174 3543 praedicti
1183 3463 1206 3526 J
1208 3462 1344 3526 ohannis

206 3551 392 3631 asportatur
406 3547 448 3610 ad
462 3546 592 3629 dampn.
606 3547 677 3610 scd
689 3546 776 3609 unde
786 3547 944 3610 Robertus
954 3547 1036 3610 Wili
1047 3547 1179 3612 devenit
1192 3549 1343 3632 plegium

207 3633 428 3698 —Dimissio
480 3631 665 3696 Willelmus
687 3631 798 3696 Fuller
819 3633 909 3698 venit
931 3640 965 3698 et
987 3633 1073 3716 oepit
1096 3634 1159 3698 duo
1181 3635 1345 3718 mesuagia

207 3725 241 3784 et
255 3720 338 3784 duas
351 3720 486 3784 bovatas
509 3725 601 3782 terrae
616 3723 649 3782 et
663 3719 706 3782 di.
723 3739 796 3802 quae
811 3719 969 3783 Robertus
983 3720 1064 3783 Wili
1078 3721 1168 3802 prius
1189 3721 1297 3784 tenuit
1312 3725 1345 3784 et

206 3806 341 3890 reliquit
361 3812 493 3890 propter
520 3805 767 3888 impotenoiam:
790 3805 926 3870 habend
953 3812 987 3870 et
1011 3810 1075 3870 ten.
1102 3805 1144 3870 ad
1168 3805 1345 3871 terminum

207 3894 287 3958 vitae
297 3912 378 3957 suae:
392 3892 554 3957 reddendo
564 3898 597 3956 et
605 3891 752 3956 faciendo
761 3892 797 3955 in
806 3892 955 3956 omnibus
964 3895 1059 3975 prout
1067 3892 1173 3956 dictus
1185 3893 1345 3958 Robertus

208 3980 299 4063 prius
314 3978 456 4043 reddidit
470 3983 501 4043 et
514 3979 591 4043 fecit
603 4002 611 4042 :
625 3978 808 4062 incipiendo
823 3978 946 4042 solvere
960 3978 1001 4041 ed
1016 3979 1135 4042 festum
1150 3979 1241 4045 Pent.
1256 4002 1345 4064 prox„

208 4067 365 4130 futurum.
427 4066 514 4149 Pleg.
537 4065 579 4129 de
603 4065 696 4129 firma
722 4070 755 4129 et
777 4065 927 4129 omnibus
953 4064 1027 4128 aliis
1053 4085 1125 4148 quae
1150 4065 1347 4133 incumbunt

208 4153 375 4217 Walterus
400 4152 563 4235 Bisshopp
590 4156 623 4216 et
648 4151 806 4216 Ricardus
832 4151 886 4216 del
911 4152 1051 4216 Neuton.
1106 4152 1149 4215 Et
1173 4154 1345 4237 praedictus

208 4239 396 4305 Willelmus
410 4239 538 4304 invenit
552 4238 597 4322 xij
614 4259 703 4303 acras
718 4239 816 4302 unius
830 4259 946 4302 anurae
961 4259 1041 4321 quas
1057 4237 1103 4303 sio
1119 4239 1269 4306 dimittet.
1303 4241 1347 4304 Et

208 4325 344 4390 habebit
358 4326 438 4390 duos
460 4327 558 4391 boves
581 4332 614 4389 et
635 4345 738 4389 unum
752 4325 951 4408 quarterium
971 4325 1126 4389 frumenti
1141 4326 1180 4392 de
1202 4329 1346 4411 praestito

209 4412 347 4477 Domini
368 4418 402 4478 et
424 4412 527 4478 camo’
547 4412 683 4476 manerii
704 4432 761 4496 per
776 4412 857 4476 duos
879 4412 955 4477 dies.
999 4412 1043 4474 Et
1057 4412 1114 4476 dat
1135 4433 1192 4495 pro
1214 4414 1347 4496 gres'ma

211 4499 776 4583 40d.;oondonaturperte1rarium.
820 4499 864 4563 Et
879 4499 1051 4582 praedictus
1067 4499 1251 4563 Willelmus
1265 4517 1346 4581 prae·

209 4586 337 4651 dictum
351 4593 576 4651 tenementum
590 4585 776 4650 suifficienti
798 4590 886 4648 statu
900 4585 1026 4651 invenit
1041 4592 1075 4649 et
1089 4586 1124 4648 in
1139 4585 1202 4648 fine
1216 4582 1347 4647 termini
