3278 5204
308 554 349 616 72
564 565 1173 616 nnnnomrnionnmsnnnrnumtsm.
1353 555 1448 614 1368.

306 723 442 787 Domini
456 722 533 807 qnia
551 723 734 788 deffimotns
756 730 807 790 est
826 730 923 807 prout
945 731 1144 808 compertum
1165 723 1269 788 estin
1292 724 1447 788 euna-

307 810 472 874 Dimissio.
531 811 771 876 lucrementum
799 811 953 888 redditus,
978 812 1049 876 bod
1105 810 1263 875 Robertus
1294 812 1447 875 Barthew

308 897 456 961 venitin
477 897 542 962 our'
560 903 593 962 et
614 899 701 982 oepit
720 918 823 962 unum
844 904 1067 963 tenementum
1088 898 1174 980 quod
1196 897 1359 980 quondam
1379 898 1447 960 fuit

310 982 346 1046 in
361 989 476 1049 tenura
490 984 572 1068 Agn’
588 983 628 1048 de
650 985 819 1049 Barthewe
833 986 946 1050 matris
967 985 1070 1068 ipsius
1084 985 1234 1048 Roberti:
1258 983 1397 1047 habend'
1413 989 1447 1048 et

308 1069 373 1134 ten'
389 1069 430 1134 ad
452 1077 543 1134 term
558 1071 635 1134 vitae
656 1091 740 1134 suae:
762 1071 850 1135 redd.
871 1092 901 1155 p.
917 1092 944 1135 a.
962 1077 1005 1134 te.
1023 1071 1091 1134 sd:
1115 1069 1300 1153 incipiendo
1321 1071 1446 1135 solvere

310 1155 351 1220 de
380 1157 501 1220 festum
524 1157 615 1221 Pent.
642 1177 727 1221 anno
755 1158 840 1220 lxix⁰
869 1170 903 1222 et
925 1157 1072 1222 iaciendo
1099 1157 1241 1220 Domino
1266 1165 1299 1220 et
1326 1157 1446 1220 vicinis

309 1263 382 1326 quae
401 1243 602 1308 incumbunt.
646 1244 690 1307 Et
710 1244 882 1327 praedictus
905 1245 1064 1308 Robertus
1085 1244 1308 1308 manutenebit
1321 1249 1356 1307 et
1375 1263 1448 1307 sns-

308 1329 450 1393 tentobit
463 1330 499 1392 in
514 1330 662 1394 omnibus
684 1332 867 1414 sumptibus
887 1331 954 1394 suis
975 1330 1113 1414 propriis
1127 1334 1161 1394 et
1182 1330 1229 1394 sio
1245 1330 1389 1394 dimittet
1411 1330 1447 1392 in

308 1414 373 1479 fine
387 1415 518 1478 termini
532 1416 592 1480 eui.
637 1416 724 1502 Pleg.
740 1455 754 1467 -
769 1454 783 1466 -
798 1417 842 1480 Et
856 1417 912 1481 dat
933 1437 991 1501 pro
1004 1417 1147 1502 gms'm'a
1163 1417 1214 1482 td
1225 1455 1268 1465 —
1278 1417 1446 1480 Dimissio.

307 1500 550 1566 lucrementum
571 1501 716 1567 redditus
739 1503 788 1568 od.
844 1505 1003 1568 Robertus
1023 1504 1119 1568 Swan
1133 1503 1224 1568 venit
1244 1503 1281 1565 in
1301 1503 1391 1566 ouria
1413 1507 1448 1567 et

308 1587 1448 1760 bttbttmttdtdtrtttttffidtbtttbnttd

307 1761 366 1844 qui
380 1781 492 1846 capere
506 1762 662 1827 voluerit:
687 1763 824 1828 habend'
846 1767 880 1828 et
900 1764 966 1827 ten'
980 1763 1022 1826 ad
1043 1772 1134 1827 term.
1149 1763 1226 1826 vitae
1246 1783 1332 1826 suae:
1357 1762 1446 1827 redd

307 1867 337 1931 p.
361 1869 388 1914 a.
413 1855 477 1914 ts:
501 1849 686 1933 incipiendo
710 1849 797 1934 [eto]
812 1887 827 1898 -
841 1887 855 1899 -
869 1850 1096 1915 manutenebit
1115 1849 1189 1934 [eto.
1208 1857 1246 1912 ot
1263 1849 1386 1933 napea}
1402 1886 1417 1898 -
1432 1887 1447 1899 -

308 1934 353 1998 Et
367 1935 423 1999 dat
437 1956 495 2018 pro
509 1937 652 2020 gree'm’a
668 1936 718 2000 od

352 2021 607 2089 Esr-Rnrnron.
649 2023 701 2086 De
714 2022 903 2087 tenentibus
918 2021 1008 2086 villae
1022 2028 1139 2106 praeter
1152 2021 1270 2086 liberos
1286 2021 1364 2104 quia
1379 2042 1447 2086 non

307 2115 468 2172 venerunt
481 2108 523 2172 ad
536 2109 741 2173 tractandum
755 2129 830 2174 oum
844 2109 959 2173 villeta
974 2109 1013 2173 de
1027 2109 1288 2191 West-Raynton
1303 2108 1344 2172 de
1359 2109 1448 2172 freth

307 2194 447 2277 ponend'
471 2200 568 2278 prout
592 2195 829 2278 promiserunt:
861 2201 895 2260 et
924 2195 1028 2260 eoiem
1057 2195 1135 2280 quia
1160 2194 1282 2278 depast’
1311 2196 1448 2258 fuerumt

308 2285 476 2363 pasturam
497 2281 684 2345 tenenoium
712 2282 857 2365 ejusdem
883 2281 971 2346 villae
996 2281 1037 2346 de
1061 2281 1325 2363 West-Raynton
1348 2287 1449 2365 prout

308 2372 541 2449 presentatum
566 2372 616 2431 est
641 2374 686 2434 2s.
739 2369 933 2453 Injunotum
958 2373 1008 2433 est
1032 2368 1208 2452 praeposito
1233 2373 1267 2432 et
1291 2367 1447 2432 omnibus

307 2453 496 2604 {enffifibm
509 2452 598 2517 villae
612 2454 700 2538 quod
713 2455 848 2522 veniant
861 2455 903 2519 ad
917 2454 1122 2519 tractandum
1138 2459 1172 2518 et
1185 2453 1448 2518 concordandum

332 2561 350 2604 e
412 2541 450 2604 th
464 2541 609 2622 ponend’.

353 2627 641 2693 wiso-Rumon.
685 2627 896 2713 Compertum
917 2634 968 2693 eet
981 2648 1040 2712 per
1056 2627 1119 2711 jur’
1134 2626 1223 2710 quod
1244 2625 1357 2710 Agnes
1372 2647 1448 2711 quae

274 2791 279 2798 .
308 2712 374 2777 fuit
388 2734 470 2778 uxor
484 2713 644 2778 Willelmi
658 2715 764 2780 Rassh
780 2715 867 2798 oepit
879 2735 981 2780 unam
995 2721 1115 2778 terram
1130 2712 1374 2778 husbendorum
1389 2733 1449 2796 pm

311 2805 377 2865 30s.
392 2821 423 2884 p.
435 2821 461 2865 a
471 2821 529 2885 pro
538 2801 688 2865 omnibus
699 2802 850 2866 oneribus
860 2807 894 2866 et
902 2821 1006 2866 novus
1017 2800 1168 2865 terrarius
1178 2799 1264 2884 petit
1275 2805 1448 2883 argentum

310 2908 406 2952 suurn
421 2888 462 2952 de
475 2887 547 2972 ipsa
561 2894 672 2954 eontra
685 2888 822 2952 formam
836 2888 1007 2972 oapoionie.

355 2974 589 3042 Blnnrrtonnm.
643 2976 696 3040 De
726 2975 788 3058 [ab
811 2976 952 3060 persone]
981 2974 1060 3058 quie
1089 2972 1265 3037 noluerunt
1292 2977 1448 3055 praestare

308 3060 410 3126 laotos
425 3062 578 3140 Domino,
592 3063 632 3127 de
654 3062 801 3145 quolibet
824 3061 874 3125 od.
889 3098 933 3111 -
946 3061 999 3126 De
1014 3059 1258 3125 Oommunitate
1278 3059 1368 3122 villae
1389 3079 1449 3142 pm

309 3147 447 3230 sepereli
461 3167 575 3231 eampo
590 3148 630 3212 de
645 3148 788 3213 Belesise
803 3147 925 3231 depast'
939 3167 997 3230 per
1010 3147 1119 3212 averia
1133 3166 1201 3223 sua,
1216 3165 1274 3228 pro
1296 3144 1362 3208 ista
1375 3145 1449 3209 vioe

311 3232 384 3297 40d.
399 3270 444 3280 -
458 3234 626 3297 {iohannes
656 3234 823 3318 Miryman
851 3239 885 3298 et
913 3233 1073 3298 Robertus
1102 3233 1223 3296 Milner
1252 3231 1293 3295 de
1316 3231 1449 3295 Norton

309 3323 466 3399 oeperunt
502 3319 689 3382 molendina
716 3320 821 3384 tocius
856 3319 1015 3403 paroehiae
1052 3319 1092 3383 de
1121 3317 1331 3403 Byllingham
1345 3354 1361 3366 -
1375 3355 1391 3366 -
1405 3317 1448 3381 ad

308 3411 401 3468 term.
430 3403 531 3467 trium
560 3424 718 3469 annorum
742 3406 830 3471 redd.
858 3427 889 3490 p.
921 3426 948 3472 a
975 3411 1015 3470 23
1040 3405 1093 3468 i·
1108 3442 1122 3454 -
1136 3404 1284 3489 praedioti
1312 3403 1448 3467 firmarii

308 3490 480 3554 invenient
509 3489 693 3556 sailolathes
726 3496 760 3555 et
788 3513 827 3556 ee
855 3513 928 3576 qnae
957 3494 998 3557 ad
1031 3491 1187 3556 firmarios
1216 3489 1384 3574 pertinent
1413 3495 1448 3553 et

308 3577 460 3642 dominus
475 3576 622 3642 inveniet
635 3578 801 3642 residuum
814 3615 830 3626 -
845 3615 859 3628 -

353 3665 497 3730 eonor.
554 3663 745 3748 Injunotum
774 3670 823 3730 est
852 3665 1003 3730 omnibus
1031 3664 1220 3729 tenentibus
1243 3661 1333 3726 villae
1358 3661 1448 3745 quod

307 3753 440 3836 capiant
454 3756 523 3817 rete
536 3752 682 3836 magistri
696 3753 736 3816 de
752 3751 907 3817 Grethem
918 3752 1061 3834 pisoand'
1077 3770 1174 3834 super
1188 3749 1295 3814 solum
1309 3749 1448 3812 Domini

307 3840 436 3905 Prioris.
445 3877 489 3889 —
497 3840 549 3904 De
562 3839 829 3924 [fifteenpersoos]
841 3859 899 3922 pro
909 3839 1032 3922 injusta
1040 3837 1095 3902 via
1104 3838 1191 3901 faeta
1201 3835 1288 3900 ultra
1300 3835 1448 3918 oeparale

307 3926 454 4001 Domini,
478 3925 540 3990 viz.
563 3927 600 3988 in
625 3946 714 3990 mora
738 3930 772 3991 et
794 3926 831 3988 in
854 3930 946 4007 preto
970 3929 1067 4009 prout
1092 3929 1295 4005 compertum
1320 3926 1379 3997 est,
1405 3920 1448 3984 de

308 4011 456 4094 quolibet
476 4017 516 4074 ut
537 4017 628 4094 patet
650 4033 746 4096 snper
771 4012 885 4096 capud.
929 4011 1120 4095 InJunotum
1141 4014 1192 4074 est
1213 4008 1337 4072 eisdem
1358 4006 1448 4090 quod

306 4116 374 4160 non
403 4096 567 4160 exeroiant
595 4099 785 4180 praedietam
813 4100 901 4164 viam
930 4099 970 4162 de
996 4095 1370 4178 oetero-Injunotum
1397 4100 1448 4157 est

308 4181 459 4247 omnibus
481 4183 713 4248 brasiaton'bus
728 4185 797 4248 vm·
819 4186 859 4250 de
883 4185 998 4269 Oupon
1019 4183 1106 4268 quod
1128 4201 1196 4246 non
1216 4181 1362 4246 vendant
1383 4179 1448 4264 lag'

307 4267 452 4334 cervisiae
467 4268 571 4331 carius
586 4289 684 4352 quam
698 4290 756 4351 pro
774 4271 823 4336 ld

351 4355 573 4419 Wonunsrort.
617 4355 669 4420 De
682 4355 849 4421 Willelmo
862 4360 886 4424 J
888 4357 1060 4442 enkynson
1074 4355 1150 4440 quia
1165 4355 1264 4438 fregit
1285 4357 1448 4417 arrestum

306 4441 442 4508 Domini
453 4441 531 4525 quia
541 4461 623 4505 uxor
633 4462 711 4506 suus
723 4443 792 4528 [sio]
802 4444 907 4508 noluit
917 4450 1038 4509 metere
1049 4464 1123 4509 oum
1135 4442 1287 4518 Domino,
1299 4439 1447 4504 Waltem

306 4531 473 4614 Miryman
501 4548 560 4612 pro
589 4529 701 4594 eodem
730 4551 773 4608 re,
801 4531 895 4596 alteri
925 4550 1036 4595 eorum
1069 4529 1139 4595 md.
1194 4529 1246 4592 De
1277 4526 1447 4591 Willelmo

305 4617 458 4701 Litilfayr
486 4615 564 4700 quia
593 4637 659 4683 non
687 4617 815 4684 invenit
844 4639 944 4682 unam
970 4617 1139 4682 mulierem
1166 4621 1346 4681 metentem
1371 4634 1448 4678 oum
