3278 5204
144 573 240 632 1365.
409 582 567 630 3133311
583 581 765 631 3313111333
780 581 1022 632 3333333313.
1244 574 1284 633 43

141 742 343 806 3133133333
358 743 417 805 333.
430 739 532 823 lxvjw.
563 739 607 804 Et
621 739 679 804 dat
692 759 751 823 pro
761 740 896 825 gres'me
911 737 1032 826 [blank]
1048 740 1090 825 pl.
1122 741 1282 807 liebertus

141 828 231 892 filius
246 827 377 891 Rioardi
392 831 426 891 et
439 825 597 890 Rioardus
611 826 824 910 13113333-
834 827 886 891 De
901 827 1008 891 Adam
1023 825 1064 892 de
1080 828 1281 911 watworth

141 936 202 999 pro
212 935 278 979 uno
292 918 479 978 tenemento
494 918 527 978 et
541 934 585 977 xv
600 913 683 978 aeris
697 917 790 977 terrae
801 913 966 997 quondam
980 913 1016 976 in
1027 917 1142 978 tenura
1152 913 1283 979 Thomae

142 1003 207 1065 filii
226 1003 250 1067 J
252 1000 408 1065 ohannis:
430 999 570 1064 habend.
590 1004 623 1064 et
643 1000 773 1064 tenend
800 1000 842 1064 ad
863 1005 955 1066 term
977 999 1056 1064 vitae
1078 1020 1165 1065 suae:
1194 1001 1281 1066 redd.

140 1089 313 1172 antiquam
327 1087 454 1150 firmem
475 1092 509 1150 et
531 1087 667 1170 antiqua
681 1087 824 1151 servicia.
870 1087 914 1150 Et
935 1086 1026 1150 dabit
1051 1107 1110 1171 pro
1131 1087 1282 1170 operibus

142 1176 230 1239 31333
244 1174 302 1238 3111
316 1172 495 1238 3333131113
509 1177 632 1238 tenurae
646 1172 780 1238 faciunt.
818 1173 862 1236 Et
875 1172 1036 1257 reparabit
1049 1173 1184 1238 aedifieia
1198 1173 1283 1238 infra

143 1262 226 1326 duos
247 1281 348 1325 annos
363 1297 376 1309 -
392 1297 406 1310 ·
450 1260 494 1323 Et
516 1259 574 1324 dat
594 1279 652 1344 pro
674 1260 808 1343 gres’ma
830 1311 836 1324 .
860 1310 866 1325 .
890 1259 1128 1325 .-Dimissio.
1174 1260 1283 1325 13313-

141 1352 294 1413 333333
308 1346 454 1411 redditus
472 1351 514 1412 2s.
532 1346 582 1410 sd.
627 1347 766 1410 Thomas
788 1346 877 1410 filius
899 1347 1049 1430 Hugonis
1072 1345 1179 1411 Smith
1194 1348 1283 1431 oepit

142 1453 350 1498 communem
383 1433 520 1516 forgiam
551 1453 650 1518 quam
685 1435 708 1499 J
710 1432 853 1498 ohannes
886 1433 1003 1518 Smyth
1036 1433 1126 1517 prius
1158 1435 1282 1498 tenuit:

143 1520 284 1584 habend'
301 1526 333 1585 et
355 1520 422 1584 ten'
437 1519 479 1583 ad
493 1526 584 1584 term
603 1520 681 1583 vitae
695 1539 762 1584 suae
776 1520 813 1582 in
833 1539 909 1584 oasu
931 1540 996 1603 quo
1017 1519 1075 1584 alii
1095 1519 1283 1603 praediotam

143 1607 282 1691 forgiam
303 1607 443 1689 amplius
463 1611 638 1670 tenuerunt
659 1610 694 1670 et
714 1606 751 1669 in
772 1606 885 1670 eadem
907 1607 1032 1690 operari
1046 1626 1104 1689 per
1118 1627 1153 1670 se
1173 1607 1282 1690 ipsum

144 1693 306 1758 voluerit:
327 1692 464 1756 habend.
476 1698 510 1756 et
523 1692 653 1758 tenend.
670 1691 712 1756 ad
726 1697 817 1758 term.
828 1692 906 1756 vitae
917 1713 1001 1757 suae:
1022 1693 1109 1758 redd.
1123 1714 1153 1777 p.
1166 1712 1194 1757 a.
1209 1693 1281 1757 sod.

143 1801 220 1864 quae
236 1778 375 1865 [solebat
388 1777 533 1864 reddere]
552 1779 624 1843 12d
638 1816 654 1827 -
668 1816 683 1828 ·

188 1867 288 1931 anr.
347 1867 539 1949 Injrmotum
568 1870 620 1930 est
648 1865 798 1929 omnibns
835 1865 1024 1929 tenentibus
1052 1864 1141 1929 villae
1169 1868 1285 1946 prester

142 1954 265 2017 liberos
279 1958 426 2017 tenentes
437 1953 524 2036 qnod
538 1952 679 2036 reparari
693 1952 816 2016 1331333
828 1951 1052 2016 molendinum
1066 1951 1148 2016 31313
1163 1951 1283 2016 festum

146 2039 279 2104 Natalis
293 2038 465 2124 [Domini].

194 2216 290 2289 1363,
305 2211 370 2276 III.
382 2211 604 2296 l-[Heeding
625 2210 811 2276 mouldered
825 2229 925 2294 away.
966 2210 1144 2275 Stevenson
1159 2213 1284 2296 queries

143 2299 214 2363 this
230 2298 292 2362 roll
306 2318 341 2362 es
359 2303 451 2375 1365,
463 2297 528 2362 and
542 2318 625 2382 says,
639 2305 657 2332 “
667 2299 726 2363 See
740 2297 843 2362 under
852 2297 947 2361 West
960 2296 1173 2382 Merington.”
1217 2299 1285 2364 Tha

144 2405 281 2470 passage
305 2390 341 2449 to
366 2384 474 2449 which
495 2384 536 2448 he
562 2385 661 2450 refers
684 2385 713 2449 13
735 2384 839 2469 given.
883 2383 1029 2468 Judging
1054 2385 1136 2448 from
1162 2385 1285 2450 several

145 2477 291 2549 matters,
312 2471 369 2536 the
390 2471 452 2535 roll
472 2471 581 2535 would
603 2491 721 2555 appear
741 2478 776 2535 to
798 2471 839 2535 be
860 2470 934 2534 that
955 2469 991 2534 of
1012 2476 1105 2548 1363,
1128 2471 1202 2550 ΙΙΙ,
1226 2473 1284 2536 the

144 2559 237 2622 third
251 2564 338 2635 turn,
353 2577 413 2622 one
424 2557 532 2621 would
546 2557 654 2623 rather
664 2557 757 2635 infer,
766 2556 888 2641 having
898 2556 980 2622 been
990 2555 1067 2622 held
1078 2557 1192 2623 earlier
1203 2559 1283 2623 than

146 2645 280 2729 usually
294 2663 360 2708 was
375 2644 431 2708 the
446 2644 541 2727 3333]

190 2732 404 2795 Wnnuouru.
451 2730 640 2813 Injunotum
655 2735 705 2794 est
724 2729 873 2794 omnibus
888 2728 1074 2795 tenentibus
1088 2730 1176 2794 villae
1198 2731 1285 2814 quod

145 2818 271 2882 faciant
295 2817 433 2902 oariagia
453 2817 578 2881 terrarii
598 2821 695 2900 prout
719 2817 750 2880 ei
770 2816 936 2900 pertinent
949 2817 1078 2900 qnando
1099 2816 1285 2900 preemrmiti

146 2904 272 2969 fuerint
286 2905 347 2968 sub
361 2924 458 2987 poena
472 2903 514 2967 di.
529 2923 643 2967 marcae
658 2940 671 2952 -
685 2939 700 2950 -

192 2991 385 3074 Injunotum
409 2994 459 3054 est
482 2987 696 3076 [tenentibus]
718 2988 814 3054 istius
835 2988 924 3053 villae
948 2993 982 3052 et
1003 2987 1125 3052 villatas
1149 2986 1218 3072 [sio]
1245 2988 1286 3053 de

147 3078 322 3142 8331111111
345 3082 378 3140 33
392 3077 556 3140 Fwnwunn
575 3077 662 3160 quod
684 3075 840 3140 excedant
860 3074 946 3159 apud
968 3073 1160 3138 Wermouth
1182 3079 1215 3138 et
1228 3095 1286 3158 per

147 3163 312 3229 auxilium
336 3163 467 3228 Rioardi
489 3163 550 3226 filii
571 3161 740 3246 Reginaldi
761 3167 885 3245 ponant
906 3161 938 3225 le
958 3160 1127 3225 merstanis
1149 3160 1185 3223 in
1206 3160 1287 3226 loeis

148 3251 314 3315 consuetis
335 3250 388 3314 die
411 3250 443 3315 S.
457 3249 624 3333 Greggorii
644 3269 733 3333 prox.
758 3249 868 3312 futuro
891 3248 951 3312 sub
973 3265 1070 3330 poena
1093 3246 1287 3312 eod-In-

144 3338 300 3420 junotum
323 3342 372 3401 333
396 3335 543 3402 Johanni
568 3336 608 3400 de
630 3335 752 3419 Wygbi
778 3335 941 3419 Stephano
964 3334 1076 3399 Certen
1100 3339 1134 3398 33
1157 3333 1287 3399 Thomas

149 3424 265 3488 Carter
290 3422 377 3507 quod
397 3423 531 3487 venient
556 3422 598 3486 ad
622 3421 885 3486 commorandum
911 3441 1006 3505 super
1029 3425 1129 3485 terras
1153 3420 1288 3486 Domini

147 3514 247 3593 prout
268 3509 455 3592 injunctum
469 3508 619 3573 fueritin
633 3508 758 3572 ultimis
782 3507 945 3571 Halmotis
960 3507 1040 3572 oitra
1061 3527 1149 3591 prox.
1165 3509 1286 3572 curiam

148 3597 212 3660 sub
226 3616 323 3679 poena
338 3595 544 3660 admissionis
560 3595 629 3679 [313]
645 3594 806 3678 praediotae
820 3600 921 3658 terrae.

195 3684 374 3748 8311111311.
418 3683 621 3765 Praeoeptum
643 3686 692 3744 est
707 3680 883 3745 attaohiare
898 3679 1083 3746 Johannem
1106 3680 1146 3744 de
1168 3679 1290 3742 Birden

148 3768 356 3833 Willelmum
401 3768 440 3833 de
484 3767 580 3852 Oggil
622 3767 779 3832 Thomam
814 3767 903 3851 Ayer
939 3765 1140 3830 Willelmum
1183 3765 1289 3827 filium

150 3854 284 3920 Rioardi
312 3859 345 3919 et
374 3855 508 3918 Petrum
537 3855 654 3919 Curror
682 3853 722 3917 ad
751 3853 886 3917 liberam
912 3853 1033 3918 curiam
1062 3852 1102 3915 de
1131 3850 1289 3914 fraccione

149 3948 317 4024 portarum
342 3941 479 4006 manerii
504 3941 544 4005 de
569 3939 706 4004 Fulwell
729 3945 763 4004 et
786 3939 981 4004 abductione
1005 3938 1185 4002 averiorum
1209 3957 1290 4020 prae-

150 4028 320 4092 dictorum.
366 4027 430 4110 [cf.
445 4027 502 4091 the
512 4027 662 4110 previous
677 4025 738 4089 roll
752 4045 787 4090 as
801 4031 836 4090 to
850 4025 916 4089 this
928 4046 964 4089 or
977 4045 997 4090 3
1011 4024 1135 4088 similar
1149 4024 1288 4108 metten]

150 4114 399 4197 -Injunotum
422 4119 472 4178 est
494 4113 643 4177 omnibus
669 4113 858 4176 tenentibus
881 4111 969 4175 villae
994 4110 1081 4195 quod
1102 4117 1291 4176 mensurant

150 4200 224 4284 [313]
246 4199 343 4264 bleda
363 4219 422 4283 per
442 4219 629 4265 mensuram
649 4218 754 4264 rasam
780 4198 875 4263 etde
898 4197 1010 4262 eadem
1035 4218 1186 4262 mensura
1211 4198 1291 4262 dent

149 4287 331 4351 multuram
345 4287 406 4350 sub
420 4306 518 4369 poena
534 4292 601 4351 463.

195 4373 369 4437 11333333.
412 4373 464 4438 1)3
485 4378 556 4438 tota
569 4372 683 4437 villata
705 4371 745 4436 de
758 4371 950 4454 Wyuestow
970 4375 1086 4454 praeter
1107 4369 1291 4435 Johannem

148 4460 192 4525 de
218 4459 352 4542 Iomley
376 4459 482 4523 Adam
510 4459 650 4524 Diotson
679 4463 712 4523 et
741 4457 944 4521 Willehnum
973 4457 1097 4522 Wallas
1126 4457 1292 4540 quianon

148 4546 374 4612 veneruntad
399 4547 522 4610 auriam
546 4546 618 4611 12d.
663 4547 714 4610 De
740 4550 810 4609 tota
829 4544 942 4609 villata
965 4543 1005 4608 de
1027 4545 1156 4608 Harton
1176 4547 1292 4625 praeter
