3276 5210
301 575 341 632 38
560 580 1169 630 1111101100101100101111101010.
1342 570 1435 630 1365.

299 740 477 804 satisfaciat
492 739 562 824 [010]
578 739 658 802 firm’
674 737 812 803 moland'
827 738 867 802 de
882 738 1064 822 Wyueston
1077 738 1118 802 de
1141 736 1331 802 avarmaltes
1353 737 1436 802 eitra

298 848 387 911 prox.
403 826 524 890 curiam
539 826 599 890 sub
613 845 711 910 poena
726 830 791 888 20s

342 913 551 977 Wruusrow.
582 912 738 977 Ricardus
754 909 871 995 Smyth
886 911 976 976 venit
986 910 1040 976 hio
1050 911 1087 974 in
1098 911 1162 974 our'
1178 917 1212 976 01
1226 911 1312 994 oepit
1325 931 1430 974 unum

298 1001 459 1084 ootagium
489 1005 522 1064 et
543 1000 589 1083 xij
613 1019 701 1064 aeras
723 1003 815 1062 terrae
835 1017 907 1082 quae
927 1004 1061 1062 uocatur
1080 997 1112 1062 le
1134 996 1337 1080 Smytbland‚
1358 1018 1432 1082 quae

299 1088 466 1152 Johannes
497 1086 614 1170 Smyth
643 1086 733 1169 prius
762 1085 869 1161 tenuit
898 1090 931 1149 01
960 1105 1089 1149 sursum
1116 1083 1257 1184 reddidit
1282 1083 1324 1148 ad
1349 1104 1431 1168 opus

298 1170 1304 1342 111111111ὲο1111111111111151111011111
1314 1170 1430 1321 db·

298 1347 360 1411 hoo
381 1346 566 1410 faciendum
587 1351 621 1409 et
642 1345 684 1410 ad
712 1344 899 1428 praediotam
919 1349 1036 1409 terram
1057 1350 1090 1408 01
1111 1343 1274 1428 ootagium
1301 1344 1367 1406 ten'
1396 1350 1431 1408 et

299 1432 477 1497 sustinend'
491 1433 551 1496 hos
566 1433 652 1516 Pleg.
667 1431 794 1496 invenit
808 1431 902 1516 [eto.].
945 1433 989 1495 Et
1003 1433 1060 1496 dat
1073 1451 1131 1515 pro
1152 1431 1286 1515 gres’ma
1302 1429 1374 1493 401.
1386 1466 1431 1480 -

301 1519 495 1584 Ordinatum
510 1526 559 1583 est
574 1539 614 1583 ex
629 1518 793 1582 communi
807 1538 940 1582 assensu
954 1518 1042 1602 quod
1055 1517 1166 1582 nullus
1187 1517 1275 1581 lavet
1291 1536 1351 1581 neo
1366 1517 1431 1580 alia

299 1603 1431 1690 011011111000110111001001011111011οω0100οΜ0101οο01111ΗοΙο00-

300 1693 381 1776 poiil
402 1698 436 1756 01
456 1692 544 1776 qnod
565 1697 743 1756 reservetur
764 1696 893 1756 tantum
914 1712 971 1774 pro
993 1692 1167 1775 aquaoione
1189 1690 1368 1754 averiorum
1397 1695 1432 1754 et

300 1779 342 1843 ad
366 1779 431 1842 alia
450 1779 643 1843 nessessaria
663 1779 748 1842 infra
770 1777 880 1842 domos
901 1779 966 1842 ten'
989 1778 1136 1843 facienda
1157 1777 1217 1841 sub
1239 1797 1335 1860 poena
1356 1776 1429 1840 401.

301 1865 444 1930 solvend’
458 1886 516 1949 per
536 1867 634 1930 iilum
648 1865 706 1949 qui
726 1866 763 1928 in
783 1865 923 1929 deffectu
943 1865 1108 1948 reperitur.
1120 1903 1165 1914 -
1176 1863 1365 1946 Injnnotum
1380 1868 1431 1928 est

299 1952 380 2017 Adae
408 1953 549 2017 Diotson
578 1951 665 2037 quod
700 1952 849 2016 arrestari
875 1951 973 2016 faeiat
1009 1951 1162 2016 salarium
1196 1949 1354 2014 Dunkani
1390 1949 1432 2014 de

300 2040 496 2121 Wywestow
510 2039 551 2103 de
565 2038 702 2102 termino
718 2039 748 2103 S.
764 2038 900 2101 Martini
922 2058 1007 2102 anno
1020 2037 1102 2101 1va
1117 2036 1158 2101 ad
1172 2035 1432 2120 respondendum

300 2127 323 2191 J
324 2125 445 2189 ohanni
459 2125 629 2208 Doggeson
645 2123 684 2188 de
706 2124 825 2207 placito
847 2123 1114 2209 transgressionis
1158 2124 1210 2188 Da
1228 2123 1339 2187 eodem
1353 2122 1432 2207 quia

300 2231 367 2275 non
394 2211 486 2275 venit
515 2209 556 2274 ad
580 2209 839 2293 respondendum
867 2211 1014 2276 Johanni
1040 2212 1212 2295 Doggeson
1241 2210 1281 2273 10
1310 2209 1432 2293 placito

300 2297 561 2380 transgressionis
576 2296 618 2360 ad
633 2297 763 2363 auriam
807 2296 859 2360 De
869 2298 1087 2362 misericordia
1097 2296 1288 2380 prepositus
1299 2316 1432 2380 respon-

301 2384 399 2460 debit,
416 2383 465 2447 61.
477 2384 583 2447 -De
605 2382 741 2447 Rioardo
763 2383 880 2466 Smyth
900 2404 958 2468 pro
972 2405 994 2448 v
1015 2404 1042 2448 a.
1057 2385 1155 2448 unius
1178 2403 1293 2447 aruirae
1314 2388 1432 2466 praeter

297 2472 311 2554 j
325 2491 351 2534 a.
367 2470 407 2533 10
422 2490 489 2533 una
502 2490 595 2533 arura
609 2491 632 2532 x
641 2469 670 2533 1.
686 2469 726 2534 10
736 2475 821 2534 terra
831 2470 927 2534 Fabri
941 2491 998 2554 per
1011 2471 1119 2554 ipsum
1132 2471 1254 2534 invent’
1267 2475 1311 2534 40.
1325 2468 1373 2533 ad.
1386 2507 1432 2518 -

300 2557 353 2620 De
375 2556 498 2621 Thoma
519 2556 708 2639 Sohephird,
728 2558 878 2622 Johanne
892 2558 1016 2622 Wallas
1040 2557 1126 2642 [eto]
1148 2577 1206 2641 pro
1220 2556 1280 2640 pis'
1295 2555 1432 2620 Domini

303 2644 425 2727 dapast'
440 2664 497 2726 per
512 2643 619 2707 averia
633 2663 699 2707 sua.

346 2729 502 2795 Scaurus,
546 2730 598 2793 De
611 2729 776 2795 Willelmo
791 2729 917 2795 Liollffe
930 2751 989 2814 pro
1000 2751 1066 2794 uno
1077 2749 1247 2813 porpasseo
1257 2749 1314 2813 per
1322 2728 1434 2811 ipsum

302 2822 335 2881 01
350 2816 506 2880 Thomam
528 2817 610 2881 Skot
630 2815 764 2881 invento
786 2838 882 2901 super
903 2817 1052 2882 sabulum
1067 2817 1202 2881 Domini
1215 2816 1302 2880 unde
1316 2815 1433 2880 habuit

300 2924 359 2987 pro
373 2909 464 2986 parte
479 2924 537 2968 sua
550 2910 594 2968 60.
608 2902 657 2967 81
671 2923 712 2967 ex
725 2905 831 2989 gracia
845 2905 908 2968 ista
922 2904 993 2968 vioe
1008 2925 1045 2968 eo
1056 2903 1143 2988 quod
1153 2903 1284 2967 nolebat
1293 2901 1433 2966 vendere

303 2991 445 3055 Domino
459 2991 579 3054 Priori:
601 2990 646 3073 pl.
663 2990 770 3054 Adam
785 2991 825 3054 10
840 2990 989 3055 Burden:
1013 2990 1084 3055 401
1115 2989 1216 3074 [th
1233 2993 1325 3065 1364,
1340 2989 1422 3072 ΙΙΙ.]

346 3078 426 3141 Dies
441 3077 537 3142 datus
552 3082 601 3142 est
613 3077 749 3142 Ricardo
765 3078 805 3142 10
820 3077 940 3141 Birden
955 3077 995 3141 de
1005 3097 1071 3141 uno
1082 3097 1150 3141 orre
1162 3077 1278 3159 asport'
1287 3077 1311 3141 J
1312 3075 1434 3139 ohanni

302 3163 343 3227 de
369 3164 488 3228 Hiiton
516 3163 558 3228 ad
582 3184 670 3246 prox.
697 3165 820 3228 auriam
845 3164 887 3228 ad
911 3164 971 3228 fao'
997 3164 1101 3248 legem
1124 3183 1217 3227 suam
1241 3183 1317 3226 oum
1341 3167 1435 3226 sexta

301 3270 408 3313 manu
419 3289 464 3299 -
474 3250 526 3314 De
547 3251 733 3314 tenentibus
746 3251 834 3314 villae
855 3251 896 3315 10
914 3249 947 3314 10
967 3249 1108 3314 Schelles
1122 3250 1200 3334 quia
1214 3269 1281 3313 non
1299 3248 1434 3313 habuer-

302 3341 364 3398 unt
374 3356 476 3398 unum
491 3335 577 3399 thew
588 3332 636 3418 [’--
649 3355 668 3398 0
679 3336 915 3418 ouoking-stool
925 3337 974 3400 for
985 3337 1102 3413 scolda·
1110 3357 1145 3401 or
1159 3357 1179 3399 a
1193 3336 1323 3420 pillory]
1337 3341 1435 3419 prout

302 3422 486 3503 injunctum
507 3420 572 3484 fuit
591 3423 627 3485 in
648 3422 773 3486 ultimis
788 3423 952 3487 Halmotis
974 3423 1076 3506 [there
1096 3424 1125 3487 is
1146 3443 1190 3486 no
1212 3427 1306 3504 entry
1320 3442 1362 3485 on
1376 3422 1434 3486 the

302 3509 428 3590 subject
442 3508 478 3572 in
492 3508 548 3571 the
561 3509 711 3592 previous
726 3509 866 3592 existing
880 3507 970 3595 rolls]
988 3511 1028 3574 de
1041 3530 1138 3593 poena
1151 3509 1302 3592 imposita
1319 3514 1361 3572 6s.
1379 3508 1431 3573 8d.

301 3595 344 3657 Et
359 3594 543 3677 injunctum
558 3600 607 3659 est
622 3593 740 3659 eisdem
757 3597 843 3678 quod
858 3596 1023 3660 habebunt
1036 3617 1140 3660 unum
1154 3596 1240 3660 thew
1250 3596 1330 3659 eitra
1343 3615 1433 3678 prox.

301 3681 425 3745 auriam
439 3681 479 3746 10
494 3702 590 3766 poena
604 3682 646 3746 di.
662 3702 783 3746 maroae.
794 3717 839 3727 -
848 3683 961 3746 Unum
981 3688 1204 3747 tenementum
1218 3682 1305 3764 quod
1319 3681 1383 3746 fuit
1397 3683 1435 3744 in

300 3774 416 3833 tenura
429 3769 590 3834 Johannis
613 3770 734 3846 Maner,
750 3769 837 3852 quod
857 3769 945 3833 idem
959 3769 983 3833 J
984 3770 1125 3834 ohannes
1147 3768 1329 3833 tabernavit
1348 3768 1434 3852 Agn'

301 3856 341 3920 de
362 3857 522 3921 Almouth
543 3857 613 3921 sine
632 3856 769 3920 lioenoia
788 3875 847 3940 per
867 3856 938 3938 xiiij
963 3877 1073 3933 annos,
1095 3856 1221 3938 capitur
1241 3856 1278 3918 in
1299 3875 1434 3918 manum

257 3941 258 3944 ’
300 3941 444 4009 Domini.
489 3945 533 4007 Et
555 3944 721 4009 sciendum
743 3943 830 4026 quod
852 3942 1005 4025 praedicta
1027 3943 1110 4026 Agn'
1126 3946 1216 4006 tenet
1238 3940 1321 4004 illud
1342 3948 1433 4005 tene-

300 4034 447 4092 mentum
469 4035 502 4093 et
523 4031 630 4094 reddit
644 4051 674 4113 p.
691 4052 718 4095 a.
733 4030 875 4094 Domino
893 4029 963 4093 md.
979 4034 1012 4094 01
1026 4030 1112 4092 ultra
1126 4029 1258 4112 praefata
1273 4027 1371 4091 solvit
1387 4033 1431 4092 50.

299 4151 344 4161 -
355 4115 595 4179 Incrementum
609 4116 753 4180 redditus
770 4124 813 4180 2s.
830 4116 880 4180 41.
895 4116 978 4199 Agn’
994 4116 1033 4180 de
1048 4115 1208 4179 Almonth
1221 4115 1313 4178 venit
1327 4113 1382 4178 hio
1397 4115 1434 4177 in

300 4200 365 4264 our
381 4207 414 4264 et
429 4202 515 4284 oepit
534 4222 638 4264 unum
658 4208 879 4266 tenementum
901 4202 1064 4286 quondam
1085 4203 1121 4266 in
1142 4206 1256 4266 tenura
1269 4201 1293 4265 J
1294 4199 1433 4265 ohannis

299 4287 415 4351 Manen
429 4293 463 4351 01
477 4287 564 4370 quod
586 4293 717 4370 captum
738 4288 802 4352 fuit
822 4289 859 4351 in
880 4309 1013 4353 manum
1028 4288 1163 4353 Domini
1184 4286 1324 4370 eoquod
1345 4285 1434 4351 idem

296 4373 463 4438 «Iohannes
477 4373 560 4437 illud
581 4374 762 4438 tabernavit
783 4375 854 4439 sine
873 4375 1011 4440 lioenoia
1031 4397 1092 4440 neo
1113 4374 1205 4440 venit
1226 4374 1267 4439 ad
1288 4373 1433 4438 auriam:

296 4459 433 4524 habend.
445 4467 478 4524 01
488 4461 616 4525 tenend.
632 4460 673 4524 ad
684 4468 774 4525 term.
785 4462 861 4525 vitae
873 4482 959 4525 suae:
981 4462 1066 4526 redd
1077 4482 1106 4545 p.
1119 4482 1145 4525 a.
1159 4460 1230 4526 401
1240 4459 1328 4544 quod
1342 4460 1433 4543 prius

297 4545 438 4612 reddidit
456 4547 525 4613 121
570 4548 656 4631 Pleg.
673 4548 712 4612 10
727 4549 818 4614 firma
833 4555 866 4613 et
887 4549 1037 4614 omnibus
1052 4549 1126 4613 aliis
1140 4569 1213 4633 quae
1235 4547 1433 4620 incumbunt
