<?xml version="1.0" encoding="UTF-8"?>
<!DOCTYPE html PUBLIC "-//W3C//DTD XHTML 1.0 Transitional//EN"
    "http://www.w3.org/TR/xhtml1/DTD/xhtml1-transitional.dtd">
<html xmlns="http://www.w3.org/1999/xhtml" xml:lang="en" lang="en">
 <head>
  <title>
</title>
<meta http-equiv="Content-Type" content="text/html;charset=utf-8" />
  <meta name='ocr-system' content='tesseract 3.04.00' />
  <meta name='ocr-capabilities' content='ocr_page ocr_carea ocr_par ocr_line ocrx_word'/>
</head>
<body>
  <div class='ocr_page' id='page_1' title='image "./halmotaprioratu01cathgoog/halmotaprioratu01cathgoog_0072.png"; bbox 0 0 3056 5222; ppageno 0'>
   <div class='ocr_carea' id='block_1_1' title="bbox 81 579 1216 646">
    <p class='ocr_par' dir='ltr' id='par_1_1' title="bbox 81 579 1216 646">
     <span class='ocr_line' id='line_1_1' title="bbox 81 579 1216 646; baseline 0.009 -11"><span class='ocrx_word' id='word_1_1' title='bbox 81 579 175 639; x_wconf 79' lang='lat'>1345.</span> <span class='ocrx_word' id='word_1_2' title='bbox 345 589 697 639; x_wconf 71' lang='lat' dir='ltr'>uiuuomrruosnrus</span> <span class='ocrx_word' id='word_1_3' title='bbox 713 591 950 642; x_wconf 80' lang='lat' dir='ltr'>nuunnnrusrs.</span> <span class='ocrx_word' id='word_1_4' title='bbox 1176 583 1216 646; x_wconf 82' lang='grc'>17</span> 
     </span>
    </p>
   </div>
   <div class='ocr_carea' id='block_1_2' title="bbox 67 747 1217 4704">
    <p class='ocr_par' dir='ltr' id='par_1_2' title="bbox 72 747 1217 918">
     <span class='ocr_line' id='line_1_2' title="bbox 73 747 1217 836; baseline 0.009 -28"><span class='ocrx_word' id='word_1_5' title='bbox 73 747 228 812; x_wconf 75' lang='lat' dir='ltr'>reddidit.</span> <span class='ocrx_word' id='word_1_6' title='bbox 273 749 316 812; x_wconf 90' lang='lat' dir='ltr'>Et</span> <span class='ocrx_word' id='word_1_7' title='bbox 341 754 472 812; x_wconf 77' lang='lat' dir='ltr'>vectura</span> <span class='ocrx_word' id='word_1_8' title='bbox 497 747 593 810; x_wconf 85' lang='lat' dir='ltr'>dictae</span> <span class='ocrx_word' id='word_1_9' title='bbox 621 755 714 811; x_wconf 83' lang='lat' dir='ltr'>terrae</span> <span class='ocrx_word' id='word_1_10' title='bbox 741 799 747 812; x_wconf 94' lang='lat'>.</span> <span class='ocrx_word' id='word_1_11' title='bbox 771 799 778 812; x_wconf 95' lang='lat'>.</span> <span class='ocrx_word' id='word_1_12' title='bbox 802 799 808 812; x_wconf 92' lang='lat'>.</span> <span class='ocrx_word' id='word_1_13' title='bbox 835 751 1007 833; x_wconf 71' lang='lat' dir='ltr'>praeposito</span> <span class='ocrx_word' id='word_1_14' title='bbox 1036 758 1069 816; x_wconf 87' lang='lat' dir='ltr'>et</span> <span class='ocrx_word' id='word_1_15' title='bbox 1094 754 1156 836; x_wconf 88' lang='lat' dir='ltr'>jur.</span> <span class='ocrx_word' id='word_1_16' title='bbox 1184 760 1217 818; x_wconf 87' lang='lat' dir='ltr'>et</span> 
     </span>
     <span class='ocr_line' id='line_1_3' title="bbox 72 834 1011 918; baseline 0.004 -21"><span class='ocrx_word' id='word_1_17' title='bbox 72 834 223 898; x_wconf 80' lang='lat' dir='ltr'>Jchanni</span> <span class='ocrx_word' id='word_1_18' title='bbox 238 836 394 899; x_wconf 81' lang='lat' dir='ltr'>servienti</span> <span class='ocrx_word' id='word_1_19' title='bbox 409 835 449 898; x_wconf 94' lang='lat' dir='ltr'>de</span> <span class='ocrx_word' id='word_1_20' title='bbox 464 835 588 899; x_wconf 86' lang='lat' dir='ltr'>Kettcn</span> <span class='ocrx_word' id='word_1_21' title='bbox 605 855 772 918; x_wconf 85' lang='lat' dir='ltr'>quousque</span> <span class='ocrx_word' id='word_1_22' title='bbox 787 843 845 898; x_wconf 88' lang='lat' dir='ltr'>sat.</span> <span class='ocrx_word' id='word_1_23' title='bbox 862 837 1011 902; x_wconf 85' lang='lat' dir='ltr'>Domine.</span> 
     </span>
    </p>

    <p class='ocr_par' dir='ltr' id='par_1_3' title="bbox 67 921 1216 3081">
     <span class='ocr_line' id='line_1_4' title="bbox 121 921 1216 1010; baseline 0.005 -27"><span class='ocrx_word' id='word_1_24' title='bbox 121 921 346 986; x_wconf 76' lang='lat' dir='ltr'>Brunluausu.</span> <span class='ocrx_word' id='word_1_25' title='bbox 391 922 498 985; x_wconf 87' lang='lat' dir='ltr'>Alicia</span> <span class='ocrx_word' id='word_1_26' title='bbox 511 921 579 984; x_wconf 85' lang='lat' dir='ltr'>filia</span> <span class='ocrx_word' id='word_1_27' title='bbox 593 921 615 984; x_wconf 85' lang='lat' dir='ltr'>J</span> <span class='ocrx_word' id='word_1_28' title='bbox 617 921 753 985; x_wconf 88' lang='lat' dir='ltr'>ohannis</span> <span class='ocrx_word' id='word_1_29' title='bbox 767 923 910 1005; x_wconf 85' lang='lat' dir='ltr'>Gerveys</span> <span class='ocrx_word' id='word_1_30' title='bbox 926 925 1012 1007; x_wconf 89' lang='lat' dir='ltr'>cepit</span> <span class='ocrx_word' id='word_1_31' title='bbox 1022 926 1036 1008; x_wconf 91' lang='lat' dir='ltr'>j</span> <span class='ocrx_word' id='word_1_32' title='bbox 1054 927 1216 1010; x_wconf 87' lang='lat' dir='ltr'>cctagium</span> 
     </span>
     <span class='ocr_line' id='line_1_5' title="bbox 72 1007 1215 1091; baseline 0.008 -23"><span class='ocrx_word' id='word_1_33' title='bbox 72 1007 165 1088; x_wconf 92' lang='lat' dir='ltr'>quod</span> <span class='ocrx_word' id='word_1_34' title='bbox 181 1009 288 1071; x_wconf 88' lang='lat' dir='ltr'>dictus</span> <span class='ocrx_word' id='word_1_35' title='bbox 302 1009 325 1071; x_wconf 85' lang='lat' dir='ltr'><strong>J</strong></span> <span class='ocrx_word' id='word_1_36' title='bbox 327 1009 468 1072; x_wconf 88' lang='lat' dir='ltr'>ohannes</span> <span class='ocrx_word' id='word_1_37' title='bbox 486 1013 577 1091; x_wconf 84' lang='lat' dir='ltr'>pater</span> <span class='ocrx_word' id='word_1_38' title='bbox 599 1028 676 1071; x_wconf 91' lang='lat' dir='ltr'>suus</span> <span class='ocrx_word' id='word_1_39' title='bbox 691 1009 781 1090; x_wconf 89' lang='lat' dir='ltr'>prius</span> <span class='ocrx_word' id='word_1_40' title='bbox 803 1009 925 1073; x_wconf 89' lang='lat' dir='ltr'>tenuit:</span> <span class='ocrx_word' id='word_1_41' title='bbox 948 1010 1102 1076; x_wconf 88' lang='lat' dir='ltr'>habend.:</span> <span class='ocrx_word' id='word_1_42' title='bbox 1129 1013 1215 1078; x_wconf 88' lang='lat' dir='ltr'>redd.</span> 
     </span>
     <span class='ocr_line' id='line_1_6' title="bbox 73 1094 1216 1180; baseline 0.006 -24"><span class='ocrx_word' id='word_1_43' title='bbox 73 1113 105 1174; x_wconf 90' lang='lat' dir='ltr'>p.</span> <span class='ocrx_word' id='word_1_44' title='bbox 128 1114 156 1158; x_wconf 87' lang='lat' dir='ltr'>a.</span> <span class='ocrx_word' id='word_1_45' title='bbox 178 1100 222 1158; x_wconf 90' lang='lat' dir='ltr'>3s.</span> <span class='ocrx_word' id='word_1_46' title='bbox 247 1100 280 1158; x_wconf 91' lang='lat' dir='ltr'>et</span> <span class='ocrx_word' id='word_1_47' title='bbox 304 1094 450 1158; x_wconf 84' lang='lat' dir='ltr'>Maneric</span> <span class='ocrx_word' id='word_1_48' title='bbox 477 1095 517 1157; x_wconf 93' lang='lat' dir='ltr'>de</span> <span class='ocrx_word' id='word_1_49' title='bbox 539 1094 663 1158; x_wconf 90' lang='lat' dir='ltr'>Belasis</span> <span class='ocrx_word' id='word_1_50' title='bbox 686 1115 707 1156; x_wconf 93' lang='lat' dir='ltr'>v</span> <span class='ocrx_word' id='word_1_51' title='bbox 730 1115 825 1177; x_wconf 86' lang='lat' dir='ltr'>opera</span> <span class='ocrx_word' id='word_1_52' title='bbox 850 1102 1017 1180; x_wconf 86' lang='lat' dir='ltr'>autumpn.</span> <span class='ocrx_word' id='word_1_53' title='bbox 1040 1099 1069 1161; x_wconf 90' lang='lat' dir='ltr'>si</span> <span class='ocrx_word' id='word_1_54' title='bbox 1097 1098 1216 1163; x_wconf 82' lang='lat' dir='ltr'>habeat</span> 
     </span>
     <span class='ocr_line' id='line_1_7' title="bbox 72 1180 1215 1268; baseline 0.008 -28"><span class='ocrx_word' id='word_1_55' title='bbox 72 1181 197 1244; x_wconf 90' lang='lat' dir='ltr'>cibum.</span> <span class='ocrx_word' id='word_1_56' title='bbox 250 1181 359 1245; x_wconf 84' lang='lat' dir='ltr'>G’sma</span> <span class='ocrx_word' id='word_1_57' title='bbox 383 1181 455 1245; x_wconf 72' lang='lat' dir='ltr'>eud.</span> <span class='ocrx_word' id='word_1_58' title='bbox 484 1180 570 1264; x_wconf 85' lang='lat' dir='ltr'>Pleg.</span> <span class='ocrx_word' id='word_1_59' title='bbox 593 1181 760 1245; x_wconf 67' lang='lat' dir='ltr'>«Iohannes</span> <span class='ocrx_word' id='word_1_60' title='bbox 792 1181 945 1264; x_wconf 84' lang='lat' dir='ltr'>Gervays.</span> <span class='ocrx_word' id='word_1_61' title='bbox 959 1184 1122 1268; x_wconf 81' lang='lat' dir='ltr'>—Agnes</span> <span class='ocrx_word' id='word_1_62' title='bbox 1148 1185 1215 1249; x_wconf 90' lang='lat' dir='ltr'>filia</span> 
     </span>
     <span class='ocr_line' id='line_1_8' title="bbox 73 1266 1213 1354; baseline 0.006 -26"><span class='ocrx_word' id='word_1_63' title='bbox 73 1266 237 1330; x_wconf 89' lang='lat' dir='ltr'>Willeimi</span> <span class='ocrx_word' id='word_1_64' title='bbox 269 1267 432 1331; x_wconf 86' lang='lat' dir='ltr'>Nouthird</span> <span class='ocrx_word' id='word_1_65' title='bbox 466 1268 550 1350; x_wconf 90' lang='lat' dir='ltr'>cepit</span> <span class='ocrx_word' id='word_1_66' title='bbox 572 1268 586 1350; x_wconf 91' lang='lat' dir='ltr'>j</span> <span class='ocrx_word' id='word_1_67' title='bbox 618 1267 777 1350; x_wconf 79' lang='lat' dir='ltr'>cctagium</span> <span class='ocrx_word' id='word_1_68' title='bbox 815 1287 889 1330; x_wconf 93' lang='lat' dir='ltr'>cum</span> <span class='ocrx_word' id='word_1_69' title='bbox 926 1271 1093 1354; x_wconf 76' lang='lat' dir='ltr'>curtilagic</span> <span class='ocrx_word' id='word_1_70' title='bbox 1128 1272 1213 1354; x_wconf 90' lang='lat' dir='ltr'>quod</span> 
     </span>
     <span class='ocr_line' id='line_1_9' title="bbox 71 1352 1213 1440; baseline 0.009 -27"><span class='ocrx_word' id='word_1_71' title='bbox 71 1352 185 1416; x_wconf 93' lang='lat' dir='ltr'>dictus</span> <span class='ocrx_word' id='word_1_72' title='bbox 200 1353 384 1418; x_wconf 83' lang='lat' dir='ltr'>Wiilelmus</span> <span class='ocrx_word' id='word_1_73' title='bbox 398 1361 490 1436; x_wconf 86' lang='lat' dir='ltr'>pater</span> <span class='ocrx_word' id='word_1_74' title='bbox 511 1373 589 1417; x_wconf 91' lang='lat' dir='ltr'>suus</span> <span class='ocrx_word' id='word_1_75' title='bbox 608 1353 697 1436; x_wconf 87' lang='lat' dir='ltr'>prius</span> <span class='ocrx_word' id='word_1_76' title='bbox 712 1355 836 1418; x_wconf 89' lang='lat' dir='ltr'>tenuit:</span> <span class='ocrx_word' id='word_1_77' title='bbox 859 1353 1014 1420; x_wconf 85' lang='lat' dir='ltr'>habend:</span> <span class='ocrx_word' id='word_1_78' title='bbox 1037 1358 1122 1422; x_wconf 84' lang='lat' dir='ltr'>redd.</span> <span class='ocrx_word' id='word_1_79' title='bbox 1139 1378 1168 1440; x_wconf 89' lang='lat' dir='ltr'>p.</span> <span class='ocrx_word' id='word_1_80' title='bbox 1185 1379 1213 1424; x_wconf 88' lang='lat' dir='ltr'>a.</span> 
     </span>
     <span class='ocr_line' id='line_1_10' title="bbox 74 1439 1212 1523; baseline 0.009 -23"><span class='ocrx_word' id='word_1_81' title='bbox 74 1439 128 1503; x_wconf 92' lang='lat' dir='ltr'>6d.</span> <span class='ocrx_word' id='word_1_82' title='bbox 154 1445 186 1503; x_wconf 92' lang='lat' dir='ltr'>et</span> <span class='ocrx_word' id='word_1_83' title='bbox 208 1441 352 1505; x_wconf 83' lang='lat' dir='ltr'>Maneric</span> <span class='ocrx_word' id='word_1_84' title='bbox 375 1441 415 1505; x_wconf 89' lang='lat' dir='ltr'>de</span> <span class='ocrx_word' id='word_1_85' title='bbox 437 1440 510 1503; x_wconf 70' lang='grc' dir='ltr'>ΒΗΓ</span> <span class='ocrx_word' id='word_1_86' title='bbox 532 1461 576 1502; x_wconf 84' lang='lat' dir='ltr'>xx</span> <span class='ocrx_word' id='word_1_87' title='bbox 599 1460 694 1523; x_wconf 86' lang='lat' dir='ltr'>opera</span> <span class='ocrx_word' id='word_1_88' title='bbox 716 1449 882 1523; x_wconf 90' lang='lat' dir='ltr'>autumpn.</span> <span class='ocrx_word' id='word_1_89' title='bbox 906 1443 933 1504; x_wconf 93' lang='lat' dir='ltr'>si</span> <span class='ocrx_word' id='word_1_90' title='bbox 957 1442 1073 1507; x_wconf 85' lang='lat' dir='ltr'>hebeat</span> <span class='ocrx_word' id='word_1_91' title='bbox 1095 1444 1212 1510; x_wconf 90' lang='lat' dir='ltr'>cibum.</span> 
     </span>
     <span class='ocr_line' id='line_1_11' title="bbox 72 1526 1213 1610; baseline 0.004 -22"><span class='ocrx_word' id='word_1_92' title='bbox 72 1526 188 1590; x_wconf 83' lang='lat' dir='ltr'>G&#39;sma</span> <span class='ocrx_word' id='word_1_93' title='bbox 204 1533 247 1590; x_wconf 80' lang='lat' dir='ltr'>2s.</span> <span class='ocrx_word' id='word_1_94' title='bbox 292 1527 379 1610; x_wconf 85' lang='lat' dir='ltr'>Pleg.</span> <span class='ocrx_word' id='word_1_95' title='bbox 394 1529 426 1592; x_wconf 83' lang='lat' dir='ltr'>J.</span> <span class='ocrx_word' id='word_1_96' title='bbox 442 1527 482 1590; x_wconf 91' lang='lat' dir='ltr'>de</span> <span class='ocrx_word' id='word_1_97' title='bbox 505 1527 643 1590; x_wconf 85' lang='lat' dir='ltr'>Stektcn</span> <span class='ocrx_word' id='word_1_98' title='bbox 665 1533 698 1590; x_wconf 91' lang='lat' dir='ltr'>et</span> <span class='ocrx_word' id='word_1_99' title='bbox 712 1527 897 1591; x_wconf 84' lang='lat' dir='ltr'>Alexandro</span> <span class='ocrx_word' id='word_1_100' title='bbox 920 1529 986 1593; x_wconf 86' lang='lat' dir='ltr'>filio</span> <span class='ocrx_word' id='word_1_101' title='bbox 1009 1530 1156 1596; x_wconf 85' lang='lat' dir='ltr'>Gilberti.</span> <span class='ocrx_word' id='word_1_102' title='bbox 1169 1568 1213 1580; x_wconf 93' lang='lat'><em>-</em></span> 
     </span>
     <span class='ocr_line' id='line_1_12' title="bbox 71 1613 1212 1697; baseline 0.006 -23"><span class='ocrx_word' id='word_1_103' title='bbox 71 1613 185 1676; x_wconf 89' lang='lat' dir='ltr'>Alicia</span> <span class='ocrx_word' id='word_1_104' title='bbox 199 1634 280 1677; x_wconf 84' lang='lat' dir='ltr'>uxor</span> <span class='ocrx_word' id='word_1_105' title='bbox 294 1616 317 1679; x_wconf 86' lang='lat' dir='ltr'><strong>J</strong></span> <span class='ocrx_word' id='word_1_106' title='bbox 318 1613 454 1678; x_wconf 84' lang='lat' dir='ltr'>ohannis</span> <span class='ocrx_word' id='word_1_107' title='bbox 470 1613 697 1677; x_wconf 85' lang='lat' dir='ltr'>Molendinarii</span> <span class='ocrx_word' id='word_1_108' title='bbox 712 1614 798 1697; x_wconf 87' lang='lat' dir='ltr'>cepit</span> <span class='ocrx_word' id='word_1_109' title='bbox 808 1614 830 1697; x_wconf 89' lang='lat' dir='ltr'>ij</span> <span class='ocrx_word' id='word_1_110' title='bbox 844 1634 932 1678; x_wconf 88' lang='lat' dir='ltr'>acras</span> <span class='ocrx_word' id='word_1_111' title='bbox 947 1621 1039 1680; x_wconf 81' lang='lat' dir='ltr'>terrae</span> <span class='ocrx_word' id='word_1_112' title='bbox 1054 1617 1089 1680; x_wconf 91' lang='lat' dir='ltr'>in</span> <span class='ocrx_word' id='word_1_113' title='bbox 1104 1617 1212 1680; x_wconf 92' lang='lat' dir='ltr'>Bond-</span> 
     </span>
     <span class='ocr_line' id='line_1_13' title="bbox 70 1699 1214 1783; baseline 0.005 -22"><span class='ocrx_word' id='word_1_114' title='bbox 70 1699 150 1762; x_wconf 91' lang='lat' dir='ltr'>flatt</span> <span class='ocrx_word' id='word_1_115' title='bbox 171 1720 250 1782; x_wconf 87' lang='lat' dir='ltr'>quas</span> <span class='ocrx_word' id='word_1_116' title='bbox 273 1701 439 1766; x_wconf 85' lang='lat' dir='ltr'>Jchsnnes</span> <span class='ocrx_word' id='word_1_117' title='bbox 461 1700 614 1783; x_wconf 86' lang='lat' dir='ltr'>Wydcws</span> <span class='ocrx_word' id='word_1_118' title='bbox 637 1701 727 1782; x_wconf 91' lang='lat' dir='ltr'>prius</span> <span class='ocrx_word' id='word_1_119' title='bbox 748 1701 855 1764; x_wconf 89' lang='lat' dir='ltr'>tenuit</span> <span class='ocrx_word' id='word_1_120' title='bbox 877 1707 910 1764; x_wconf 88' lang='lat' dir='ltr'>et</span> <span class='ocrx_word' id='word_1_121' title='bbox 924 1722 1051 1766; x_wconf 87' lang='lat' dir='ltr'>sursum</span> <span class='ocrx_word' id='word_1_122' title='bbox 1072 1703 1214 1767; x_wconf 79' lang='lat' dir='ltr'>reddidit</span> 
     </span>
     <span class='ocr_line' id='line_1_14' title="bbox 70 1786 1212 1870; baseline 0.004 -23"><span class='ocrx_word' id='word_1_123' title='bbox 70 1786 115 1848; x_wconf 88' lang='lat' dir='ltr'>ad</span> <span class='ocrx_word' id='word_1_124' title='bbox 141 1805 222 1869; x_wconf 89' lang='lat' dir='ltr'>opus</span> <span class='ocrx_word' id='word_1_125' title='bbox 244 1787 346 1869; x_wconf 82' lang='lat' dir='ltr'>ipsius</span> <span class='ocrx_word' id='word_1_126' title='bbox 364 1787 498 1850; x_wconf 80' lang='lat' dir='ltr'>Aliciae:</span> <span class='ocrx_word' id='word_1_127' title='bbox 519 1786 673 1850; x_wconf 88' lang='lat' dir='ltr'>habend.:</span> <span class='ocrx_word' id='word_1_128' title='bbox 696 1786 782 1850; x_wconf 90' lang='lat' dir='ltr'>redd.</span> <span class='ocrx_word' id='word_1_129' title='bbox 798 1807 827 1870; x_wconf 93' lang='lat' dir='ltr'>p.</span> <span class='ocrx_word' id='word_1_130' title='bbox 840 1807 866 1850; x_wconf 85' lang='lat' dir='ltr'>a.</span> <span class='ocrx_word' id='word_1_131' title='bbox 885 1793 928 1851; x_wconf 89' lang='lat' dir='ltr'>3s.</span> <span class='ocrx_word' id='word_1_132' title='bbox 975 1789 1084 1854; x_wconf 85' lang='lat' dir='ltr'>G&#39;sma</span> <span class='ocrx_word' id='word_1_133' title='bbox 1108 1790 1156 1852; x_wconf 86' lang='lat' dir='ltr'>6d.</span> <span class='ocrx_word' id='word_1_134' title='bbox 1169 1824 1212 1836; x_wconf 93' lang='lat'>—</span> 
     </span>
     <span class='ocr_line' id='line_1_15' title="bbox 70 1871 1211 1958; baseline 0.005 -25"><span class='ocrx_word' id='word_1_135' title='bbox 70 1872 215 1936; x_wconf 81' lang='lat' dir='ltr'><strong>Thomas</strong></span> <span class='ocrx_word' id='word_1_136' title='bbox 240 1873 327 1937; x_wconf 90' lang='lat' dir='ltr'>filius</span> <span class='ocrx_word' id='word_1_137' title='bbox 352 1875 374 1938; x_wconf 86' lang='lat' dir='ltr'>J</span> <span class='ocrx_word' id='word_1_138' title='bbox 377 1873 513 1936; x_wconf 82' lang='lat' dir='ltr'>ohannis</span> <span class='ocrx_word' id='word_1_139' title='bbox 540 1872 769 1936; x_wconf 84' lang='lat' dir='ltr'>Molendinarii</span> <span class='ocrx_word' id='word_1_140' title='bbox 795 1873 880 1956; x_wconf 93' lang='lat' dir='ltr'>cepit</span> <span class='ocrx_word' id='word_1_141' title='bbox 902 1875 916 1957; x_wconf 90' lang='lat' dir='ltr'>j</span> <span class='ocrx_word' id='word_1_142' title='bbox 943 1876 1103 1958; x_wconf 82' lang='lat' dir='ltr'>rotagium</span> <span class='ocrx_word' id='word_1_143' title='bbox 1126 1871 1211 1958; x_wconf 80' lang='lat' dir='ltr'>qdod</span> 
     </span>
     <span class='ocr_line' id='line_1_16' title="bbox 69 1959 1211 2044; baseline 0.005 -24"><span class='ocrx_word' id='word_1_144' title='bbox 69 1959 166 2040; x_wconf 86' lang='lat' dir='ltr'>prius</span> <span class='ocrx_word' id='word_1_145' title='bbox 192 1961 308 2036; x_wconf 91' lang='lat' dir='ltr'>tenuit,</span> <span class='ocrx_word' id='word_1_146' title='bbox 329 1960 414 2024; x_wconf 89' lang='lat' dir='ltr'>redd.</span> <span class='ocrx_word' id='word_1_147' title='bbox 430 1981 460 2043; x_wconf 87' lang='lat' dir='ltr'>p.</span> <span class='ocrx_word' id='word_1_148' title='bbox 479 1981 505 2023; x_wconf 83' lang='lat' dir='ltr'>a.</span> <span class='ocrx_word' id='word_1_149' title='bbox 524 1962 586 2023; x_wconf 82' lang='lat' dir='ltr'>7s.:</span> <span class='ocrx_word' id='word_1_150' title='bbox 610 1959 764 2023; x_wconf 85' lang='lat' dir='ltr'>habend:</span> <span class='ocrx_word' id='word_1_151' title='bbox 789 1959 876 2023; x_wconf 87' lang='lat' dir='ltr'>redd.</span> <span class='ocrx_word' id='word_1_152' title='bbox 899 1980 940 2024; x_wconf 85' lang='lat' dir='ltr'>ex</span> <span class='ocrx_word' id='word_1_153' title='bbox 963 1981 1050 2024; x_wconf 93' lang='lat' dir='ltr'>nunc</span> <span class='ocrx_word' id='word_1_154' title='bbox 1076 1981 1105 2044; x_wconf 90' lang='lat' dir='ltr'>p.</span> <span class='ocrx_word' id='word_1_155' title='bbox 1122 1983 1149 2025; x_wconf 85' lang='lat' dir='ltr'>a.</span> <span class='ocrx_word' id='word_1_156' title='bbox 1167 1968 1211 2026; x_wconf 80' lang='lat' dir='ltr'>ts.</span> 
     </span>
     <span class='ocr_line' id='line_1_17' title="bbox 70 2043 1211 2130; baseline 0.004 -23"><span class='ocrx_word' id='word_1_157' title='bbox 70 2043 186 2108; x_wconf 82' lang='lat' dir='ltr'>G&#39;sma</span> <span class='ocrx_word' id='word_1_158' title='bbox 211 2046 309 2110; x_wconf 75' lang='lat' dir='ltr'>nuile.</span> <span class='ocrx_word' id='word_1_159' title='bbox 320 2085 365 2095; x_wconf 90' lang='lat'><em>-</em></span> <span class='ocrx_word' id='word_1_160' title='bbox 374 2047 490 2110; x_wconf 86' lang='lat' dir='ltr'>Emma</span> <span class='ocrx_word' id='word_1_161' title='bbox 504 2045 571 2109; x_wconf 91' lang='lat' dir='ltr'>filia</span> <span class='ocrx_word' id='word_1_162' title='bbox 586 2046 674 2109; x_wconf 87' lang='lat' dir='ltr'>Petri</span> <span class='ocrx_word' id='word_1_163' title='bbox 689 2047 801 2110; x_wconf 76' lang='lat' dir='ltr'>Cartcr</span> <span class='ocrx_word' id='word_1_164' title='bbox 816 2046 901 2129; x_wconf 88' lang='lat' dir='ltr'>cepit</span> <span class='ocrx_word' id='word_1_165' title='bbox 912 2047 925 2129; x_wconf 87' lang='lat' dir='ltr'><strong>j</strong></span> <span class='ocrx_word' id='word_1_166' title='bbox 942 2047 1103 2130; x_wconf 83' lang='lat' dir='ltr'>cctcgium</span> <span class='ocrx_word' id='word_1_167' title='bbox 1125 2049 1211 2130; x_wconf 91' lang='lat' dir='ltr'>quod</span> 
     </span>
     <span class='ocr_line' id='line_1_18' title="bbox 68 2132 1210 2216; baseline 0.004 -23"><span class='ocrx_word' id='word_1_168' title='bbox 68 2133 165 2213; x_wconf 91' lang='lat' dir='ltr'>prius</span> <span class='ocrx_word' id='word_1_169' title='bbox 180 2133 303 2197; x_wconf 88' lang='lat' dir='ltr'>tenuit:</span> <span class='ocrx_word' id='word_1_170' title='bbox 327 2133 412 2197; x_wconf 88' lang='lat' dir='ltr'>redd.</span> <span class='ocrx_word' id='word_1_171' title='bbox 428 2153 458 2215; x_wconf 90' lang='lat' dir='ltr'>p.</span> <span class='ocrx_word' id='word_1_172' title='bbox 471 2153 498 2197; x_wconf 86' lang='lat' dir='ltr'>a.</span> <span class='ocrx_word' id='word_1_173' title='bbox 517 2138 559 2196; x_wconf 79' lang='lat' dir='ltr'>ts.</span> <span class='ocrx_word' id='word_1_174' title='bbox 578 2133 645 2196; x_wconf 78' lang='lat' dir='ltr'>sd:</span> <span class='ocrx_word' id='word_1_175' title='bbox 662 2132 816 2196; x_wconf 89' lang='lat' dir='ltr'>habend:</span> <span class='ocrx_word' id='word_1_176' title='bbox 834 2132 921 2196; x_wconf 90' lang='lat' dir='ltr'>redd.</span> <span class='ocrx_word' id='word_1_177' title='bbox 937 2140 1057 2197; x_wconf 78' lang='lat' dir='ltr'>extunc</span> <span class='ocrx_word' id='word_1_178' title='bbox 1079 2154 1108 2216; x_wconf 94' lang='lat' dir='ltr'>p.</span> <span class='ocrx_word' id='word_1_179' title='bbox 1121 2155 1147 2198; x_wconf 88' lang='lat' dir='ltr'>a.</span> <span class='ocrx_word' id='word_1_180' title='bbox 1166 2140 1210 2198; x_wconf 81' lang='lat' dir='ltr'>ts.</span> 
     </span>
     <span class='ocr_line' id='line_1_19' title="bbox 70 2218 1208 2304; baseline 0.002 -22"><span class='ocrx_word' id='word_1_181' title='bbox 70 2219 187 2282; x_wconf 85' lang='lat' dir='ltr'>G’sme</span> <span class='ocrx_word' id='word_1_182' title='bbox 207 2219 508 2283; x_wconf 82' lang='lat' dir='ltr'>nulla—Thomas</span> <span class='ocrx_word' id='word_1_183' title='bbox 530 2219 617 2282; x_wconf 89' lang='lat' dir='ltr'>filius</span> <span class='ocrx_word' id='word_1_184' title='bbox 639 2219 800 2283; x_wconf 89' lang='lat' dir='ltr'>Johannis</span> <span class='ocrx_word' id='word_1_185' title='bbox 822 2218 1052 2284; x_wconf 90' lang='lat' dir='ltr'>Molendinarii</span> <span class='ocrx_word' id='word_1_186' title='bbox 1073 2225 1164 2284; x_wconf 91' lang='lat' dir='ltr'>tenet</span> <span class='ocrx_word' id='word_1_187' title='bbox 1186 2222 1208 2304; x_wconf 90' lang='lat' dir='ltr'>ij</span> 
     </span>
     <span class='ocr_line' id='line_1_20' title="bbox 70 2306 1211 2388; baseline 0.002 -20"><span class='ocrx_word' id='word_1_188' title='bbox 70 2325 164 2368; x_wconf 87' lang='lat' dir='ltr'>acras</span> <span class='ocrx_word' id='word_1_189' title='bbox 186 2311 279 2368; x_wconf 75' lang='lat' dir='ltr'>terrae</span> <span class='ocrx_word' id='word_1_190' title='bbox 300 2307 336 2369; x_wconf 90' lang='lat' dir='ltr'>in</span> <span class='ocrx_word' id='word_1_191' title='bbox 357 2306 540 2369; x_wconf 86' lang='lat' dir='ltr'>Bcndflett:</span> <span class='ocrx_word' id='word_1_192' title='bbox 562 2306 647 2369; x_wconf 85' lang='lat' dir='ltr'>redd.</span> <span class='ocrx_word' id='word_1_193' title='bbox 663 2327 694 2388; x_wconf 93' lang='lat' dir='ltr'>p.</span> <span class='ocrx_word' id='word_1_194' title='bbox 712 2325 738 2369; x_wconf 87' lang='lat' dir='ltr'>a.</span> <span class='ocrx_word' id='word_1_195' title='bbox 757 2310 810 2382; x_wconf 91' lang='lat' dir='ltr'>3s.,</span> <span class='ocrx_word' id='word_1_196' title='bbox 828 2311 862 2369; x_wconf 92' lang='lat' dir='ltr'>et</span> <span class='ocrx_word' id='word_1_197' title='bbox 883 2306 1045 2370; x_wconf 86' lang='lat' dir='ltr'>Terrarius</span> <span class='ocrx_word' id='word_1_198' title='bbox 1068 2307 1158 2370; x_wconf 90' lang='lat' dir='ltr'>dedit</span> <span class='ocrx_word' id='word_1_199' title='bbox 1181 2309 1211 2371; x_wconf 91' lang='lat' dir='ltr'>ei</span> 
     </span>
     <span class='ocr_line' id='line_1_21' title="bbox 68 2391 1210 2477; baseline 0.004 -24"><span class='ocrx_word' id='word_1_200' title='bbox 68 2391 242 2455; x_wconf 81' lang='lat' dir='ltr'>licenciam</span> <span class='ocrx_word' id='word_1_201' title='bbox 265 2392 450 2457; x_wconf 88' lang='lat' dir='ltr'>dimittendi</span> <span class='ocrx_word' id='word_1_202' title='bbox 469 2392 542 2456; x_wconf 87' lang='lat' dir='ltr'>illas</span> <span class='ocrx_word' id='word_1_203' title='bbox 556 2393 579 2475; x_wconf 90' lang='lat' dir='ltr'>ij</span> <span class='ocrx_word' id='word_1_204' title='bbox 597 2412 685 2455; x_wconf 86' lang='lat' dir='ltr'>acres</span> <span class='ocrx_word' id='word_1_205' title='bbox 703 2397 795 2456; x_wconf 82' lang='lat' dir='ltr'>terrae</span> <span class='ocrx_word' id='word_1_206' title='bbox 816 2393 839 2457; x_wconf 87' lang='lat' dir='ltr'><strong>J</strong></span> <span class='ocrx_word' id='word_1_207' title='bbox 841 2391 962 2455; x_wconf 86' lang='lat' dir='ltr'>channi</span> <span class='ocrx_word' id='word_1_208' title='bbox 982 2394 1067 2477; x_wconf 90' lang='lat' dir='ltr'>patri</span> <span class='ocrx_word' id='word_1_209' title='bbox 1089 2413 1146 2456; x_wconf 91' lang='lat' dir='ltr'>suc</span> <span class='ocrx_word' id='word_1_210' title='bbox 1169 2394 1210 2457; x_wconf 87' lang='lat' dir='ltr'>ad</span> 
     </span>
     <span class='ocr_line' id='line_1_22' title="bbox 67 2478 1210 2562; baseline 0.003 -23"><span class='ocrx_word' id='word_1_211' title='bbox 67 2479 249 2541; x_wconf 90' lang='lat' dir='ltr'>terminum</span> <span class='ocrx_word' id='word_1_212' title='bbox 264 2478 299 2561; x_wconf 90' lang='lat' dir='ltr'>iij</span> <span class='ocrx_word' id='word_1_213' title='bbox 324 2499 489 2544; x_wconf 69' lang='lat' dir='ltr'>annonem.</span> <span class='ocrx_word' id='word_1_214' title='bbox 502 2479 753 2562; x_wconf 82' lang='lat' dir='ltr'>—Praepositus</span> <span class='ocrx_word' id='word_1_215' title='bbox 776 2483 809 2542; x_wconf 89' lang='lat' dir='ltr'>et</span> <span class='ocrx_word' id='word_1_216' title='bbox 827 2479 986 2561; x_wconf 86' lang='lat' dir='ltr'>juratores</span> <span class='ocrx_word' id='word_1_217' title='bbox 1009 2500 1210 2562; x_wconf 91' lang='lat' dir='ltr'>conquerun-</span> 
     </span>
     <span class='ocr_line' id='line_1_23' title="bbox 68 2565 1209 2649; baseline 0.003 -23"><span class='ocrx_word' id='word_1_218' title='bbox 68 2571 126 2626; x_wconf 88' lang='lat' dir='ltr'>tur</span> <span class='ocrx_word' id='word_1_219' title='bbox 150 2569 183 2627; x_wconf 88' lang='lat' dir='ltr'>et</span> <span class='ocrx_word' id='word_1_220' title='bbox 198 2571 393 2648; x_wconf 81' lang='lat' dir='ltr'>praesentent</span> <span class='ocrx_word' id='word_1_221' title='bbox 415 2566 501 2649; x_wconf 90' lang='lat' dir='ltr'>quod</span> <span class='ocrx_word' id='word_1_222' title='bbox 523 2565 656 2648; x_wconf 90' lang='lat' dir='ltr'>quidam</span> <span class='ocrx_word' id='word_1_223' title='bbox 677 2565 850 2649; x_wconf 81' lang='lat' dir='ltr'>subscripti</span> <span class='ocrx_word' id='word_1_224' title='bbox 872 2586 937 2629; x_wconf 89' lang='lat' dir='ltr'>non</span> <span class='ocrx_word' id='word_1_225' title='bbox 958 2570 1071 2630; x_wconf 90' lang='lat' dir='ltr'>tenent</span> <span class='ocrx_word' id='word_1_226' title='bbox 1092 2573 1209 2630; x_wconf 88' lang='lat' dir='ltr'>terrem</span> 
     </span>
     <span class='ocr_line' id='line_1_24' title="bbox 68 2651 1208 2736; baseline 0.003 -23"><span class='ocrx_word' id='word_1_227' title='bbox 68 2651 198 2714; x_wconf 86' lang='lat' dir='ltr'>ratione</span> <span class='ocrx_word' id='word_1_228' title='bbox 213 2653 305 2734; x_wconf 84' lang='lat' dir='ltr'>cujus</span> <span class='ocrx_word' id='word_1_229' title='bbox 320 2651 473 2716; x_wconf 90' lang='lat' dir='ltr'>deberent</span> <span class='ocrx_word' id='word_1_230' title='bbox 491 2653 706 2716; x_wconf 84' lang='lat' dir='ltr'>communiere</span> <span class='ocrx_word' id='word_1_231' title='bbox 721 2653 756 2715; x_wconf 90' lang='lat' dir='ltr'>in</span> <span class='ocrx_word' id='word_1_232' title='bbox 771 2660 909 2734; x_wconf 85' lang='lat' dir='ltr'>pastura,</span> <span class='ocrx_word' id='word_1_233' title='bbox 925 2659 957 2716; x_wconf 90' lang='lat' dir='ltr'>et</span> <span class='ocrx_word' id='word_1_234' title='bbox 971 2658 1082 2716; x_wconf 87' lang='lat' dir='ltr'>tamen</span> <span class='ocrx_word' id='word_1_235' title='bbox 1096 2653 1208 2736; x_wconf 83' lang='lat' dir='ltr'>depes-</span> 
     </span>
     <span class='ocr_line' id='line_1_25' title="bbox 71 2737 1208 2822; baseline 0.002 -22"><span class='ocrx_word' id='word_1_236' title='bbox 71 2745 156 2800; x_wconf 91' lang='lat' dir='ltr'>cunt</span> <span class='ocrx_word' id='word_1_237' title='bbox 169 2744 334 2820; x_wconf 82' lang='lat' dir='ltr'>pasturam</span> <span class='ocrx_word' id='word_1_238' title='bbox 348 2739 436 2802; x_wconf 86' lang='lat' dir='ltr'>villae</span> <span class='ocrx_word' id='word_1_239' title='bbox 450 2760 508 2822; x_wconf 88' lang='lat' dir='ltr'>per</span> <span class='ocrx_word' id='word_1_240' title='bbox 525 2739 632 2802; x_wconf 86' lang='lat' dir='ltr'>averia</span> <span class='ocrx_word' id='word_1_241' title='bbox 646 2758 705 2802; x_wconf 90' lang='lat' dir='ltr'>sua</span> <span class='ocrx_word' id='word_1_242' title='bbox 719 2737 761 2801; x_wconf 85' lang='lat' dir='ltr'>ad</span> <span class='ocrx_word' id='word_1_243' title='bbox 776 2739 1057 2803; x_wconf 86' lang='lat' dir='ltr'>deterioracicnem</span> <span class='ocrx_word' id='word_1_244' title='bbox 1079 2739 1208 2803; x_wconf 92' lang='lat' dir='ltr'>illorum</span> 
     </span>
     <span class='ocr_line' id='line_1_26' title="bbox 70 2825 1208 2908; baseline 0 -21"><span class='ocrx_word' id='word_1_245' title='bbox 70 2825 130 2906; x_wconf 91' lang='lat' dir='ltr'>qui</span> <span class='ocrx_word' id='word_1_246' title='bbox 146 2831 264 2887; x_wconf 83' lang='lat' dir='ltr'>terram</span> <span class='ocrx_word' id='word_1_247' title='bbox 278 2831 391 2888; x_wconf 91' lang='lat' dir='ltr'>tenent</span> <span class='ocrx_word' id='word_1_248' title='bbox 405 2826 465 2888; x_wconf 86' lang='lat' dir='ltr'>viz.</span> <span class='ocrx_word' id='word_1_249' title='bbox 482 2831 539 2888; x_wconf 90' lang='lat' dir='ltr'>etc.</span> <span class='ocrx_word' id='word_1_250' title='bbox 558 2825 648 2908; x_wconf 91' lang='lat' dir='ltr'>[nine</span> <span class='ocrx_word' id='word_1_251' title='bbox 668 2825 800 2907; x_wconf 72' lang='lat' dir='ltr'>names}</span> <span class='ocrx_word' id='word_1_252' title='bbox 846 2825 924 2888; x_wconf 88' lang='lat' dir='ltr'>Ideo</span> <span class='ocrx_word' id='word_1_253' title='bbox 946 2831 1142 2908; x_wconf 80' lang='lat' dir='ltr'>praeceptum</span> <span class='ocrx_word' id='word_1_254' title='bbox 1158 2833 1208 2888; x_wconf 88' lang='lat' dir='ltr'>est</span> 
     </span>
     <span class='ocr_line' id='line_1_27' title="bbox 70 2911 1207 2994; baseline 0.002 -21"><span class='ocrx_word' id='word_1_255' title='bbox 70 2911 116 2974; x_wconf 91' lang='lat' dir='ltr'>eis</span> <span class='ocrx_word' id='word_1_256' title='bbox 134 2911 222 2993; x_wconf 89' lang='lat' dir='ltr'>quod</span> <span class='ocrx_word' id='word_1_257' title='bbox 242 2917 413 2975; x_wconf 86' lang='lat' dir='ltr'>amoveant</span> <span class='ocrx_word' id='word_1_258' title='bbox 434 2912 585 2976; x_wconf 86' lang='lat' dir='ltr'>animalia</span> <span class='ocrx_word' id='word_1_259' title='bbox 608 2932 666 2975; x_wconf 87' lang='lat' dir='ltr'>sua</span> <span class='ocrx_word' id='word_1_260' title='bbox 687 2911 728 2976; x_wconf 93' lang='lat' dir='ltr'>de</span> <span class='ocrx_word' id='word_1_261' title='bbox 748 2918 880 2993; x_wconf 85' lang='lat' dir='ltr'>pastura</span> <span class='ocrx_word' id='word_1_262' title='bbox 901 2912 948 2974; x_wconf 91' lang='lat' dir='ltr'>ita</span> <span class='ocrx_word' id='word_1_263' title='bbox 963 2912 1049 2994; x_wconf 87' lang='lat' dir='ltr'>quod</span> <span class='ocrx_word' id='word_1_264' title='bbox 1064 2931 1105 2975; x_wconf 87' lang='lat' dir='ltr'>ex</span> <span class='ocrx_word' id='word_1_265' title='bbox 1120 2931 1207 2975; x_wconf 89' lang='lat' dir='ltr'>nunc</span> 
     </span>
     <span class='ocr_line' id='line_1_28' title="bbox 70 2997 1005 3081; baseline 0.001 -22"><span class='ocrx_word' id='word_1_266' title='bbox 70 3017 138 3060; x_wconf 91' lang='lat' dir='ltr'>non</span> <span class='ocrx_word' id='word_1_267' title='bbox 155 2998 202 3060; x_wconf 90' lang='lat' dir='ltr'>sic</span> <span class='ocrx_word' id='word_1_268' title='bbox 217 3004 447 3081; x_wconf 90' lang='lat' dir='ltr'>supercnerent</span> <span class='ocrx_word' id='word_1_269' title='bbox 461 3005 625 3080; x_wconf 86' lang='lat' dir='ltr'>pasturam</span> <span class='ocrx_word' id='word_1_270' title='bbox 641 2999 701 3062; x_wconf 90' lang='lat' dir='ltr'>sub</span> <span class='ocrx_word' id='word_1_271' title='bbox 717 3018 811 3080; x_wconf 85' lang='lat' dir='ltr'>poenc</span> <span class='ocrx_word' id='word_1_272' title='bbox 826 2997 867 3061; x_wconf 90' lang='lat' dir='ltr'>di.</span> <span class='ocrx_word' id='word_1_273' title='bbox 884 3017 1005 3060; x_wconf 86' lang='lat' dir='ltr'>marcae.</span> 
     </span>
    </p>

    <p class='ocr_par' dir='ltr' id='par_1_4' title="bbox 69 3082 1206 3860">
     <span class='ocr_line' id='line_1_29' title="bbox 113 3082 1206 3168; baseline 0 -22"><span class='ocrx_word' id='word_1_274' title='bbox 113 3085 328 3148; x_wconf 72' lang='lat' dir='ltr'>Wonulssou.</span> <span class='ocrx_word' id='word_1_275' title='bbox 375 3084 633 3168; x_wconf 89' lang='lat' dir='ltr'>(Memorandum</span> <span class='ocrx_word' id='word_1_276' title='bbox 660 3085 747 3167; x_wconf 91' lang='lat' dir='ltr'>quod</span> <span class='ocrx_word' id='word_1_277' title='bbox 768 3085 804 3147; x_wconf 89' lang='lat' dir='ltr'>in</span> <span class='ocrx_word' id='word_1_278' title='bbox 827 3083 930 3167; x_wconf 91' lang='lat' dir='ltr'>primo</span> <span class='ocrx_word' id='word_1_279' title='bbox 955 3090 1050 3147; x_wconf 90' lang='lat' dir='ltr'>turno</span> <span class='ocrx_word' id='word_1_280' title='bbox 1073 3082 1206 3146; x_wconf 88' lang='lat' dir='ltr'>Haimo-</span> 
     </span>
     <span class='ocr_line' id='line_1_30' title="bbox 69 3168 1205 3253; baseline 0 -20"><span class='ocrx_word' id='word_1_281' title='bbox 69 3176 180 3233; x_wconf 87' lang='lat' dir='ltr'>torum</span> <span class='ocrx_word' id='word_1_282' title='bbox 195 3190 279 3234; x_wconf 87' lang='lat' dir='ltr'>anno</span> <span class='ocrx_word' id='word_1_283' title='bbox 295 3177 352 3235; x_wconf 89' lang='lat' dir='ltr'>etc.</span> <span class='ocrx_word' id='word_1_284' title='bbox 365 3170 486 3234; x_wconf 57' lang='lat' dir='ltr'>xxwi.</span> <span class='ocrx_word' id='word_1_285' title='bbox 524 3168 718 3235; x_wconf 87' lang='lat' dir='ltr'>Wuluistcn.</span> <span class='ocrx_word' id='word_1_286' title='bbox 757 3171 853 3253; x_wconf 86' lang='lat' dir='ltr'>Hugc</span> <span class='ocrx_word' id='word_1_287' title='bbox 869 3170 1006 3233; x_wconf 85' lang='lat' dir='ltr'>Bakster</span> <span class='ocrx_word' id='word_1_288' title='bbox 1017 3169 1102 3251; x_wconf 88' lang='lat' dir='ltr'>cepit</span> <span class='ocrx_word' id='word_1_289' title='bbox 1117 3169 1162 3253; x_wconf 88' lang='lat' dir='ltr'>xij</span> <span class='ocrx_word' id='word_1_290' title='bbox 1179 3191 1205 3233; x_wconf 91' lang='lat' dir='ltr'>a.</span> 
     </span>
     <span class='ocr_line' id='line_1_31' title="bbox 69 3255 1204 3340; baseline 0.001 -21"><span class='ocrx_word' id='word_1_291' title='bbox 69 3264 164 3320; x_wconf 84' lang='lat' dir='ltr'>terrae</span> <span class='ocrx_word' id='word_1_292' title='bbox 173 3258 242 3320; x_wconf 90' lang='lat' dir='ltr'>sine</span> <span class='ocrx_word' id='word_1_293' title='bbox 254 3258 336 3322; x_wconf 84' lang='lat' dir='ltr'>tofto</span> <span class='ocrx_word' id='word_1_294' title='bbox 348 3278 420 3340; x_wconf 84' lang='lat' dir='ltr'>quae</span> <span class='ocrx_word' id='word_1_295' title='bbox 429 3257 499 3340; x_wconf 81' lang='lat' dir='ltr'>[sic]</span> <span class='ocrx_word' id='word_1_296' title='bbox 508 3257 584 3322; x_wconf 88' lang='lat' dir='ltr'>Thc.</span> <span class='ocrx_word' id='word_1_297' title='bbox 597 3257 781 3322; x_wconf 83' lang='lat' dir='ltr'>Gretheued</span> <span class='ocrx_word' id='word_1_298' title='bbox 791 3257 880 3340; x_wconf 88' lang='lat' dir='ltr'>prius</span> <span class='ocrx_word' id='word_1_299' title='bbox 890 3257 1014 3320; x_wconf 90' lang='lat' dir='ltr'>tenuit:</span> <span class='ocrx_word' id='word_1_300' title='bbox 1029 3255 1164 3320; x_wconf 89' lang='lat' dir='ltr'>habend.</span> <span class='ocrx_word' id='word_1_301' title='bbox 1175 3277 1204 3339; x_wconf 90' lang='lat' dir='ltr'>p.</span> 
     </span>
     <span class='ocr_line' id='line_1_32' title="bbox 70 3341 1204 3429; baseline 0.003 -24"><span class='ocrx_word' id='word_1_302' title='bbox 70 3363 144 3406; x_wconf 89' lang='lat' dir='ltr'>ann.</span> <span class='ocrx_word' id='word_1_303' title='bbox 164 3341 234 3429; x_wconf 80' lang='lat' dir='ltr'>[sic]</span> <span class='ocrx_word' id='word_1_304' title='bbox 251 3349 314 3407; x_wconf 88' lang='lat' dir='ltr'>10s.</span> <span class='ocrx_word' id='word_1_305' title='bbox 330 3350 363 3407; x_wconf 93' lang='lat' dir='ltr'>et</span> <span class='ocrx_word' id='word_1_306' title='bbox 377 3345 435 3408; x_wconf 83' lang='lat' dir='ltr'>fac.</span> <span class='ocrx_word' id='word_1_307' title='bbox 452 3344 515 3407; x_wconf 87' lang='lat' dir='ltr'>alia</span> <span class='ocrx_word' id='word_1_308' title='bbox 530 3344 663 3408; x_wconf 87' lang='lat' dir='ltr'>servicia</span> <span class='ocrx_word' id='word_1_309' title='bbox 678 3344 786 3407; x_wconf 89' lang='lat' dir='ltr'>debita</span> <span class='ocrx_word' id='word_1_310' title='bbox 801 3353 834 3407; x_wconf 94' lang='lat' dir='ltr'>et</span> <span class='ocrx_word' id='word_1_311' title='bbox 848 3349 1008 3419; x_wconf 87' lang='lat' dir='ltr'>consueta,</span> <span class='ocrx_word' id='word_1_312' title='bbox 1022 3343 1123 3426; x_wconf 86' lang='lat' dir='ltr'>g’sma</span> <span class='ocrx_word' id='word_1_313' title='bbox 1140 3349 1204 3408; x_wconf 85' lang='lat' dir='ltr'>los.</span> 
     </span>
     <span class='ocr_line' id='line_1_33' title="bbox 69 3430 1205 3514; baseline 0.001 -22"><span class='ocrx_word' id='word_1_314' title='bbox 69 3431 111 3493; x_wconf 90' lang='lat' dir='ltr'>Et</span> <span class='ocrx_word' id='word_1_315' title='bbox 126 3430 236 3493; x_wconf 89' lang='lat' dir='ltr'>dictus</span> <span class='ocrx_word' id='word_1_316' title='bbox 252 3431 349 3514; x_wconf 88' lang='lat' dir='ltr'>Hugo</span> <span class='ocrx_word' id='word_1_317' title='bbox 365 3430 445 3493; x_wconf 89' lang='lat' dir='ltr'>dicit</span> <span class='ocrx_word' id='word_1_318' title='bbox 467 3431 553 3513; x_wconf 92' lang='lat' dir='ltr'>quod</span> <span class='ocrx_word' id='word_1_319' title='bbox 568 3451 633 3494; x_wconf 89' lang='lat' dir='ltr'>non</span> <span class='ocrx_word' id='word_1_320' title='bbox 648 3430 789 3494; x_wconf 89' lang='lat' dir='ltr'>reddidit</span> <span class='ocrx_word' id='word_1_321' title='bbox 803 3452 833 3513; x_wconf 92' lang='lat' dir='ltr'>p.</span> <span class='ocrx_word' id='word_1_322' title='bbox 850 3451 875 3493; x_wconf 91' lang='lat' dir='ltr'>a.</span> <span class='ocrx_word' id='word_1_323' title='bbox 891 3431 955 3493; x_wconf 92' lang='lat' dir='ltr'>nisi</span> <span class='ocrx_word' id='word_1_324' title='bbox 972 3436 1015 3492; x_wconf 91' lang='lat' dir='ltr'>8s.</span> <span class='ocrx_word' id='word_1_325' title='bbox 1028 3449 1047 3492; x_wconf 87' lang='lat' dir='ltr'>a</span> <span class='ocrx_word' id='word_1_326' title='bbox 1062 3437 1205 3513; x_wconf 90' lang='lat' dir='ltr'>tempore</span> 
     </span>
     <span class='ocr_line' id='line_1_34' title="bbox 70 3516 1206 3601; baseline 0.001 -23"><span class='ocrx_word' id='word_1_327' title='bbox 70 3517 167 3580; x_wconf 84' lang='lat' dir='ltr'>dictae</span> <span class='ocrx_word' id='word_1_328' title='bbox 182 3517 343 3599; x_wconf 87' lang='lat' dir='ltr'>capcicnis</span> <span class='ocrx_word' id='word_1_329' title='bbox 358 3537 460 3599; x_wconf 88' lang='lat' dir='ltr'>usque</span> <span class='ocrx_word' id='word_1_330' title='bbox 479 3517 550 3580; x_wconf 90' lang='lat' dir='ltr'>huc.</span> <span class='ocrx_word' id='word_1_331' title='bbox 563 3518 632 3601; x_wconf 90' lang='lat' dir='ltr'>jam</span> <span class='ocrx_word' id='word_1_332' title='bbox 647 3537 704 3600; x_wconf 89' lang='lat' dir='ltr'>per</span> <span class='ocrx_word' id='word_1_333' title='bbox 718 3517 750 3600; x_wconf 83' lang='lat' dir='ltr'>xj</span> <span class='ocrx_word' id='word_1_334' title='bbox 768 3537 876 3580; x_wconf 88' lang='lat' dir='ltr'>annos.</span> <span class='ocrx_word' id='word_1_335' title='bbox 920 3517 963 3580; x_wconf 90' lang='lat' dir='ltr'>Et</span> <span class='ocrx_word' id='word_1_336' title='bbox 978 3517 1024 3579; x_wconf 88' lang='lat' dir='ltr'>sic</span> <span class='ocrx_word' id='word_1_337' title='bbox 1047 3516 1206 3599; x_wconf 88' lang='lat' dir='ltr'>decipitur</span> 
     </span>
     <span class='ocr_line' id='line_1_35' title="bbox 70 3602 1205 3687; baseline -0.001 -21"><span class='ocrx_word' id='word_1_338' title='bbox 70 3603 162 3666; x_wconf 91' lang='lat' dir='ltr'>Prior</span> <span class='ocrx_word' id='word_1_339' title='bbox 183 3604 219 3665; x_wconf 93' lang='lat' dir='ltr'>in</span> <span class='ocrx_word' id='word_1_340' title='bbox 242 3602 302 3667; x_wconf 90' lang='lat' dir='ltr'>hac</span> <span class='ocrx_word' id='word_1_341' title='bbox 324 3610 414 3687; x_wconf 84' lang='lat' dir='ltr'>parte</span> <span class='ocrx_word' id='word_1_342' title='bbox 431 3603 469 3666; x_wconf 89' lang='lat' dir='ltr'>de</span> <span class='ocrx_word' id='word_1_343' title='bbox 494 3609 536 3666; x_wconf 83' lang='lat' dir='ltr'>2s.</span> <span class='ocrx_word' id='word_1_344' title='bbox 553 3625 582 3684; x_wconf 93' lang='lat' dir='ltr'>p.</span> <span class='ocrx_word' id='word_1_345' title='bbox 599 3625 634 3679; x_wconf 85' lang='lat' dir='ltr'>a,</span> <span class='ocrx_word' id='word_1_346' title='bbox 650 3604 736 3666; x_wconf 91' lang='lat' dir='ltr'>unde</span> <span class='ocrx_word' id='word_1_347' title='bbox 759 3622 884 3666; x_wconf 87' lang='lat' dir='ltr'>summa</span> <span class='ocrx_word' id='word_1_348' title='bbox 909 3609 972 3667; x_wconf 79' lang='lat' dir='ltr'>22s.</span> <span class='ocrx_word' id='word_1_349' title='bbox 1018 3602 1096 3666; x_wconf 89' lang='lat' dir='ltr'>Ideo</span> <span class='ocrx_word' id='word_1_350' title='bbox 1118 3623 1205 3666; x_wconf 90' lang='lat' dir='ltr'>scru-</span> 
     </span>
     <span class='ocr_line' id='line_1_36' title="bbox 70 3687 1202 3774; baseline 0.001 -23"><span class='ocrx_word' id='word_1_351' title='bbox 70 3697 180 3753; x_wconf 88' lang='lat' dir='ltr'>tentur</span> <span class='ocrx_word' id='word_1_352' title='bbox 194 3689 293 3753; x_wconf 89' lang='lat' dir='ltr'>rotuli</span> <span class='ocrx_word' id='word_1_353' title='bbox 310 3689 417 3753; x_wconf 90' lang='lat' dir='ltr'>Halm’</span> <span class='ocrx_word' id='word_1_354' title='bbox 434 3695 467 3753; x_wconf 93' lang='lat' dir='ltr'>et</span> <span class='ocrx_word' id='word_1_355' title='bbox 480 3690 618 3754; x_wconf 83' lang='lat' dir='ltr'>rcntslia</span> <span class='ocrx_word' id='word_1_356' title='bbox 633 3691 679 3753; x_wconf 83' lang='lat' dir='ltr'>all</span> <span class='ocrx_word' id='word_1_357' title='bbox 694 3689 819 3773; x_wconf 76' lang='lat' dir='ltr'>erased.)</span> <span class='ocrx_word' id='word_1_358' title='bbox 867 3687 947 3774; x_wconf 86' lang='lat' dir='ltr'>[The</span> <span class='ocrx_word' id='word_1_359' title='bbox 962 3689 1039 3753; x_wconf 88' lang='lat' dir='ltr'>rolls</span> <span class='ocrx_word' id='word_1_360' title='bbox 1054 3689 1103 3752; x_wconf 86' lang='lat' dir='ltr'>scr</span> <span class='ocrx_word' id='word_1_361' title='bbox 1121 3694 1202 3752; x_wconf 82' lang='lat'>1335</span> 
     </span>
     <span class='ocr_line' id='line_1_37' title="bbox 71 3774 373 3860; baseline 0.003 -23"><span class='ocrx_word' id='word_1_362' title='bbox 71 3796 121 3839; x_wconf 86' lang='lat' dir='ltr'>are</span> <span class='ocrx_word' id='word_1_363' title='bbox 137 3781 198 3840; x_wconf 90' lang='lat' dir='ltr'>not</span> <span class='ocrx_word' id='word_1_364' title='bbox 209 3774 373 3860; x_wconf 71' lang='lat' dir='ltr'>existing]</span> 
     </span>
    </p>

    <p class='ocr_par' dir='ltr' id='par_1_5' title="bbox 70 3861 1206 4272">
     <span class='ocr_line' id='line_1_38' title="bbox 110 3861 1206 3945; baseline -0.002 -19"><span class='ocrx_word' id='word_1_365' title='bbox 110 3863 333 3926; x_wconf 77' lang='lat' dir='ltr'>Wnnnnssun.</span> <span class='ocrx_word' id='word_1_366' title='bbox 378 3864 577 3945; x_wconf 85' lang='lat' dir='ltr'>Praeceptum</span> <span class='ocrx_word' id='word_1_367' title='bbox 604 3870 653 3926; x_wconf 91' lang='lat' dir='ltr'>est</span> <span class='ocrx_word' id='word_1_368' title='bbox 678 3863 827 3927; x_wconf 90' lang='lat' dir='ltr'>omnibus</span> <span class='ocrx_word' id='word_1_369' title='bbox 853 3861 940 3924; x_wconf 84' lang='lat' dir='ltr'>villae</span> <span class='ocrx_word' id='word_1_370' title='bbox 965 3861 1049 3944; x_wconf 92' lang='lat' dir='ltr'>quod</span> <span class='ocrx_word' id='word_1_371' title='bbox 1077 3867 1206 3925; x_wconf 89' lang='lat' dir='ltr'>servent</span> 
     </span>
     <span class='ocr_line' id='line_1_39' title="bbox 70 3947 1205 4032; baseline 0.001 -23"><span class='ocrx_word' id='word_1_372' title='bbox 70 3948 184 4012; x_wconf 88' lang='lat' dir='ltr'>frithes</span> <span class='ocrx_word' id='word_1_373' title='bbox 199 3950 235 4011; x_wconf 93' lang='lat' dir='ltr'>in</span> <span class='ocrx_word' id='word_1_374' title='bbox 250 3949 334 4013; x_wconf 86' lang='lat' dir='ltr'>blad&#39;</span> <span class='ocrx_word' id='word_1_375' title='bbox 357 3951 458 4032; x_wconf 86' lang='lat' dir='ltr'>pratis</span> <span class='ocrx_word' id='word_1_376' title='bbox 472 3949 593 4032; x_wconf 89' lang='lat' dir='ltr'>pastur&#39;</span> <span class='ocrx_word' id='word_1_377' title='bbox 608 3957 641 4012; x_wconf 90' lang='lat' dir='ltr'>et</span> <span class='ocrx_word' id='word_1_378' title='bbox 663 3949 794 4024; x_wconf 89' lang='lat' dir='ltr'>semitis,</span> <span class='ocrx_word' id='word_1_379' title='bbox 809 3954 842 4011; x_wconf 93' lang='lat' dir='ltr'>et</span> <span class='ocrx_word' id='word_1_380' title='bbox 856 3948 941 4031; x_wconf 91' lang='lat' dir='ltr'>quod</span> <span class='ocrx_word' id='word_1_381' title='bbox 964 3947 1074 4011; x_wconf 88' lang='lat' dir='ltr'>nullus</span> <span class='ocrx_word' id='word_1_382' title='bbox 1096 3967 1205 4011; x_wconf 88' lang='lat' dir='ltr'>eorum</span> 
     </span>
     <span class='ocr_line' id='line_1_40' title="bbox 72 4033 1206 4117; baseline 0.001 -21"><span class='ocrx_word' id='word_1_383' title='bbox 72 4035 112 4097; x_wconf 90' lang='lat' dir='ltr'>sit</span> <span class='ocrx_word' id='word_1_384' title='bbox 126 4035 307 4099; x_wconf 86' lang='lat' dir='ltr'>contrarius</span> <span class='ocrx_word' id='word_1_385' title='bbox 322 4041 379 4098; x_wconf 90' lang='lat' dir='ltr'>aut</span> <span class='ocrx_word' id='word_1_386' title='bbox 393 4036 520 4100; x_wconf 84' lang='lat' dir='ltr'>rebellis</span> <span class='ocrx_word' id='word_1_387' title='bbox 535 4036 651 4098; x_wconf 87' lang='lat' dir='ltr'>vicinis</span> <span class='ocrx_word' id='word_1_388' title='bbox 667 4036 743 4111; x_wconf 88' lang='lat' dir='ltr'>suis,</span> <span class='ocrx_word' id='word_1_389' title='bbox 759 4043 791 4099; x_wconf 90' lang='lat' dir='ltr'>et</span> <span class='ocrx_word' id='word_1_390' title='bbox 806 4054 847 4097; x_wconf 94' lang='lat' dir='ltr'>ne</span> <span class='ocrx_word' id='word_1_391' title='bbox 869 4035 943 4117; x_wconf 84' lang='lat' dir='ltr'>quis</span> <span class='ocrx_word' id='word_1_392' title='bbox 967 4055 1076 4098; x_wconf 89' lang='lat' dir='ltr'>eorum</span> <span class='ocrx_word' id='word_1_393' title='bbox 1090 4033 1206 4116; x_wconf 86' lang='lat' dir='ltr'>impla·</span> 
     </span>
     <span class='ocr_line' id='line_1_41' title="bbox 72 4120 1206 4205; baseline 0.001 -22"><span class='ocrx_word' id='word_1_394' title='bbox 72 4123 183 4184; x_wconf 87' lang='lat' dir='ltr'>citaret</span> <span class='ocrx_word' id='word_1_395' title='bbox 199 4142 236 4184; x_wconf 84' lang='lat' dir='ltr'>ac</span> <span class='ocrx_word' id='word_1_396' title='bbox 259 4172 265 4184; x_wconf 95' lang='lat'>.</span> <span class='ocrx_word' id='word_1_397' title='bbox 289 4173 295 4186; x_wconf 98' lang='lat'>.</span> <span class='ocrx_word' id='word_1_398' title='bbox 319 4173 325 4186; x_wconf 96' lang='lat'>.</span> <span class='ocrx_word' id='word_1_399' title='bbox 349 4122 427 4185; x_wconf 88' lang='lat' dir='ltr'>aiibi</span> <span class='ocrx_word' id='word_1_400' title='bbox 442 4143 540 4205; x_wconf 85' lang='lat' dir='ltr'>quarn</span> <span class='ocrx_word' id='word_1_401' title='bbox 562 4122 597 4183; x_wconf 94' lang='lat' dir='ltr'>in</span> <span class='ocrx_word' id='word_1_402' title='bbox 620 4123 707 4186; x_wconf 91' lang='lat' dir='ltr'>curia</span> <span class='ocrx_word' id='word_1_403' title='bbox 729 4121 855 4184; x_wconf 87' lang='lat' dir='ltr'>Prioris.</span> <span class='ocrx_word' id='word_1_404' title='bbox 900 4120 986 4184; x_wconf 85' lang='lat' dir='ltr'>Etsi</span> <span class='ocrx_word' id='word_1_405' title='bbox 1002 4121 1074 4203; x_wconf 88' lang='lat' dir='ltr'>quis</span> <span class='ocrx_word' id='word_1_406' title='bbox 1090 4120 1206 4184; x_wconf 90' lang='lat' dir='ltr'>dehoc</span> 
     </span>
     <span class='ocr_line' id='line_1_42' title="bbox 72 4207 806 4272; baseline 0.003 -3"><span class='ocrx_word' id='word_1_407' title='bbox 72 4208 237 4272; x_wconf 91' lang='lat' dir='ltr'>convictus</span> <span class='ocrx_word' id='word_1_408' title='bbox 252 4207 349 4272; x_wconf 85' lang='lat' dir='ltr'>fuerit</span> <span class='ocrx_word' id='word_1_409' title='bbox 364 4208 453 4272; x_wconf 89' lang='lat' dir='ltr'>dabit</span> <span class='ocrx_word' id='word_1_410' title='bbox 468 4209 608 4271; x_wconf 87' lang='lat' dir='ltr'>Domine</span> <span class='ocrx_word' id='word_1_411' title='bbox 624 4209 725 4272; x_wconf 87' lang='lat' dir='ltr'>Priori</span> <span class='ocrx_word' id='word_1_412' title='bbox 741 4214 806 4271; x_wconf 83' lang='lat' dir='ltr'>20s.</span> 
     </span>
    </p>

    <p class='ocr_par' dir='ltr' id='par_1_6' title="bbox 73 4293 1206 4638">
     <span class='ocr_line' id='line_1_43' title="bbox 112 4293 1206 4376; baseline 0 -20"><span class='ocrx_word' id='word_1_413' title='bbox 112 4294 297 4359; x_wconf 77' lang='lat' dir='ltr'>Hnwcurfl.</span> <span class='ocrx_word' id='word_1_414' title='bbox 342 4295 477 4359; x_wconf 83' lang='lat' dir='ltr'>Juliana</span> <span class='ocrx_word' id='word_1_415' title='bbox 498 4295 566 4358; x_wconf 90' lang='lat' dir='ltr'>filia</span> <span class='ocrx_word' id='word_1_416' title='bbox 588 4295 718 4358; x_wconf 88' lang='lat' dir='ltr'>Ricardi</span> <span class='ocrx_word' id='word_1_417' title='bbox 744 4293 972 4357; x_wconf 89' lang='lat' dir='ltr'>Molendinarii</span> <span class='ocrx_word' id='word_1_418' title='bbox 994 4293 1080 4376; x_wconf 87' lang='lat' dir='ltr'>cepit</span> <span class='ocrx_word' id='word_1_419' title='bbox 1103 4312 1206 4356; x_wconf 92' lang='lat' dir='ltr'>unum</span> 
     </span>
     <span class='ocr_line' id='line_1_44' title="bbox 73 4381 1206 4465; baseline 0.002 -24"><span class='ocrx_word' id='word_1_420' title='bbox 73 4381 233 4464; x_wconf 85' lang='lat' dir='ltr'>cctagium</span> <span class='ocrx_word' id='word_1_421' title='bbox 246 4387 278 4444; x_wconf 92' lang='lat' dir='ltr'>et</span> <span class='ocrx_word' id='word_1_422' title='bbox 289 4382 334 4465; x_wconf 90' lang='lat' dir='ltr'>vij</span> <span class='ocrx_word' id='word_1_423' title='bbox 352 4402 440 4444; x_wconf 86' lang='lat' dir='ltr'>acras</span> <span class='ocrx_word' id='word_1_424' title='bbox 455 4388 547 4445; x_wconf 87' lang='lat' dir='ltr'>terrae</span> <span class='ocrx_word' id='word_1_425' title='bbox 562 4402 634 4464; x_wconf 86' lang='lat' dir='ltr'>quae</span> <span class='ocrx_word' id='word_1_426' title='bbox 647 4381 716 4464; x_wconf 78' lang='lat' dir='ltr'>[sic]</span> <span class='ocrx_word' id='word_1_427' title='bbox 732 4381 837 4444; x_wconf 89' lang='lat' dir='ltr'>dictus</span> <span class='ocrx_word' id='word_1_428' title='bbox 853 4381 1008 4444; x_wconf 88' lang='lat' dir='ltr'>Ricardus</span> <span class='ocrx_word' id='word_1_429' title='bbox 1023 4385 1114 4463; x_wconf 86' lang='lat' dir='ltr'>pater</span> <span class='ocrx_word' id='word_1_430' title='bbox 1128 4400 1206 4443; x_wconf 89' lang='lat' dir='ltr'>suus</span> 
     </span>
     <span class='ocr_line' id='line_1_45' title="bbox 73 4465 1205 4550; baseline -0.003 -21"><span class='ocrx_word' id='word_1_431' title='bbox 73 4467 159 4546; x_wconf 92' lang='lat' dir='ltr'>prius</span> <span class='ocrx_word' id='word_1_432' title='bbox 171 4469 279 4531; x_wconf 88' lang='lat' dir='ltr'>tenuit</span> <span class='ocrx_word' id='word_1_433' title='bbox 291 4474 323 4531; x_wconf 92' lang='lat' dir='ltr'>et</span> <span class='ocrx_word' id='word_1_434' title='bbox 332 4488 460 4532; x_wconf 91' lang='lat' dir='ltr'>sursum</span> <span class='ocrx_word' id='word_1_435' title='bbox 469 4468 610 4532; x_wconf 89' lang='lat' dir='ltr'>reddidit</span> <span class='ocrx_word' id='word_1_436' title='bbox 622 4469 662 4531; x_wconf 90' lang='lat' dir='ltr'>ad</span> <span class='ocrx_word' id='word_1_437' title='bbox 674 4488 754 4550; x_wconf 91' lang='lat' dir='ltr'>opus</span> <span class='ocrx_word' id='word_1_438' title='bbox 766 4467 868 4549; x_wconf 91' lang='lat' dir='ltr'>ipsius</span> <span class='ocrx_word' id='word_1_439' title='bbox 880 4468 902 4532; x_wconf 86' lang='lat' dir='ltr'><strong>J</strong></span> <span class='ocrx_word' id='word_1_440' title='bbox 904 4467 1037 4530; x_wconf 82' lang='lat' dir='ltr'>uiicnae:</span> <span class='ocrx_word' id='word_1_441' title='bbox 1052 4465 1187 4528; x_wconf 88' lang='lat' dir='ltr'>habend.</span> <span class='ocrx_word' id='word_1_442' title='bbox 1199 4489 1205 4527; x_wconf 83' lang='lat' dir='ltr'>z</span> 
     </span>
     <span class='ocr_line' id='line_1_46' title="bbox 73 4549 1203 4638; baseline -0.001 -25"><span class='ocrx_word' id='word_1_443' title='bbox 73 4553 156 4616; x_wconf 91' lang='lat' dir='ltr'>redd.</span> <span class='ocrx_word' id='word_1_444' title='bbox 174 4575 203 4637; x_wconf 92' lang='lat' dir='ltr'>p.</span> <span class='ocrx_word' id='word_1_445' title='bbox 220 4576 247 4618; x_wconf 89' lang='lat' dir='ltr'>a.</span> <span class='ocrx_word' id='word_1_446' title='bbox 271 4559 313 4618; x_wconf 78' lang='lat' dir='ltr'>ts.</span> <span class='ocrx_word' id='word_1_447' title='bbox 336 4556 386 4619; x_wconf 79' lang='lat' dir='ltr'>sd.</span> <span class='ocrx_word' id='word_1_448' title='bbox 409 4555 469 4618; x_wconf 89' lang='lat' dir='ltr'>viz.</span> <span class='ocrx_word' id='word_1_449' title='bbox 490 4576 547 4638; x_wconf 87' lang='lat' dir='ltr'>pro</span> <span class='ocrx_word' id='word_1_450' title='bbox 570 4556 694 4637; x_wconf 88' lang='lat' dir='ltr'>cutagic</span> <span class='ocrx_word' id='word_1_451' title='bbox 716 4560 749 4617; x_wconf 92' lang='lat' dir='ltr'>et</span> <span class='ocrx_word' id='word_1_452' title='bbox 770 4560 855 4618; x_wconf 87' lang='lat' dir='ltr'>terra</span> <span class='ocrx_word' id='word_1_453' title='bbox 878 4558 921 4618; x_wconf 74' lang='lat' dir='ltr'>ts.</span> <span class='ocrx_word' id='word_1_454' title='bbox 948 4555 996 4618; x_wconf 88' lang='lat' dir='ltr'>6d.</span> <span class='ocrx_word' id='word_1_455' title='bbox 1018 4560 1052 4617; x_wconf 91' lang='lat' dir='ltr'>et</span> <span class='ocrx_word' id='word_1_456' title='bbox 1074 4571 1131 4635; x_wconf 89' lang='lat' dir='ltr'>pro</span> <span class='ocrx_word' id='word_1_457' title='bbox 1155 4549 1203 4631; x_wconf 90' lang='lat' dir='ltr'>iiij</span> 
     </span>
    </p>

    <p class='ocr_par' dir='ltr' id='par_1_7' title="bbox 632 4658 652 4704">
     <span class='ocr_line' id='line_1_47' title="bbox 632 4658 652 4704; baseline 0 0"><span class='ocrx_word' id='word_1_458' title='bbox 632 4658 652 4704; x_wconf 85' lang='grc' dir='ltr'><strong>Β</strong></span> 
     </span>
    </p>
   </div>
   <div class='ocr_carea' id='block_1_3' title="bbox 298 4725 341 4896">
    <p class='ocr_par' dir='ltr' id='par_1_8' title="bbox 298 4725 341 4896">
     <span class='ocr_line' id='line_1_48' title="bbox 298 4725 330 4864; baseline 0 -60"><span class='ocrx_word' id='word_1_459' title='bbox 298 4725 330 4864; x_wconf 55' lang='grc' dir='ltr'>ί,</span> 
     </span>
     <span class='ocr_line' id='line_1_49' title="bbox 305 4817 341 4837; baseline 0 -6"><span class='ocrx_word' id='word_1_460' title='bbox 305 4817 315 4837; x_wconf 65' lang='lat' dir='ltr'>q</span> <span class='ocrx_word' id='word_1_461' title='bbox 336 4821 341 4831; x_wconf 75' lang='grc' dir='ltr'>ι</span> 
     </span>
     <span class='ocr_line' id='line_1_50' title="bbox 322 4862 334 4896; baseline 0 -15"><span class='ocrx_word' id='word_1_462' title='bbox 322 4862 334 4896; x_wconf 64' lang='grc' dir='ltr'>λ1</span> 
     </span>
    </p>
   </div>
   <div class='ocr_carea' id='block_1_4' title="bbox 0 0 1532 5222">
    <p class='ocr_par' dir='ltr' id='par_1_9' title="bbox 0 0 1532 5222">
     <span class='ocr_line' id='line_1_51' title="bbox 0 0 1532 5222; baseline 0 0"><span class='ocrx_word' id='word_1_463' title='bbox 0 0 1532 5222; x_wconf 95' lang='lat' dir='ltr'> </span> 
     </span>
    </p>
   </div>
  </div>
 </body>
</html>
