3278 5204
179 572 274 631 1366.
444 582 603 630 HALMOTA
618 582 800 631 PRIORATUS
816 581 1055 634 DUNELMENSIS.
1277 577 1314 637 51

176 747 272 805 terroe
297 739 419 805 vendit'
449 760 507 823 per
531 740 741 825 praepositum
766 740 807 805 de
836 741 929 804 firmo
950 741 1049 825 hujus
1074 743 1152 806 enni
1177 749 1239 808 12s.
1267 746 1315 810 ed.

176 828 420 891 -Willelmus
446 828 519 891 Koa
533 865 548 876 ·
562 865 576 876 ·
591 829 677 911 cepit
706 850 729 891 x
755 848 844 892 acres
869 835 962 892 terroe
987 829 1023 912 iij
1050 849 1139 893 acres
1164 832 1249 914 prati
1275 833 1315 897 dc

176 920 264 978 terra
277 914 407 978 Thomae
424 915 507 999 Fery
521 935 593 998 quee
615 915 742 978 suntin
764 935 863 978 manu
877 915 1012 978 Domini
1033 916 1159 980 racione
1181 919 1314 984 minoris

176 1002 285 1064 aetetis
298 1025 305 1064 ε
320 1001 457 1065 hobend'
468 1007 502 1066 et
516 1001 581 1066 ten'
592 1021 696 1084 usque
707 1002 749 1066 od
763 1001 894 1085 plenam
909 1007 1038 1066 oetatem
1053 1002 1155 1086 ipsius
1167 1003 1314 1070 heredis:

176 1089 267 1153 redd.
289 1093 385 1171 prout
411 1088 596 1152 Willelmus
619 1089 743 1153 Gibson
771 1088 862 1172 prius
892 1088 1033 1152 reddidit
1054 1109 1111 1173 pro
1133 1090 1254 1154 eisdem
1270 1129 1284 1140 -
1298 1129 1314 1140 -

175 1175 426 1258 -Injunctum
449 1182 499 1239 est
520 1176 693 1258 praeposito
716 1180 749 1239 et
770 1174 904 1240 messori
926 1175 1013 1258 quod
1028 1178 1178 1241 arrestari
1192 1178 1314 1242 facient

175 1282 277 1345 equos
292 1282 368 1325 oum
381 1261 467 1344 pisse
483 1282 747 1346 quorumcunque
761 1261 966 1326 venienoium
979 1262 1065 1326 infre
1080 1263 1259 1328 dominium
1275 1285 1312 1330 eo

175 1349 266 1432 quod
280 1349 393 1412 dicunt
416 1348 503 1432 quod
524 1355 637 1413 emunt
658 1349 780 1432 pissem
801 1349 843 1413 ed
864 1368 945 1431 opus
960 1349 1095 1413 Domini
1115 1358 1147 1414 et
1170 1351 1313 1416 celerarii

175 1441 212 1500 et
226 1456 293 1499 non
307 1435 440 1512 iaciunt,
455 1456 622 1518 quousque
637 1435 804 1500 habebunt
818 1435 946 1500 literam
961 1434 1001 1499 de
1016 1437 1154 1502 terrario.

221 1521 511 1586 Necron-Bonum
559 1521 721 1606 [Williem
743 1521 941 1606 “squaru'’
963 1522 1020 1586 the
1042 1523 1150 1588 “filius
1167 1525 1264 1608 Reg’''
1280 1527 1316 1589 of

178 1614 273 1673 1366.
289 1608 364 1687 ΙΙΙ.,
386 1608 451 1672 end
474 1609 610 1687 Giibert,
632 1629 691 1673 son
714 1609 750 1672 of
769 1610 881 1693 Roger‚
896 1609 960 1672 end
979 1610 1065 1674 Jocn
1089 1611 1141 1674 his
1156 1612 1239 1688 wife,
1258 1632 1311 1676 are

174 1696 273 1845 affin
287 1695 373 1845 {qued
394 1696 1107 1848 sgrt¹fi⁰nqpeff9maff⁰⁰eifqsshgdinjuncti-¹²⁸·
1129 1699 1312 1847 iqaqicticqqs

246 1804 344 1860 (ηοω,
366 1803 410 1847 sn
492 1803 639 1848 eneis
662 1804 695 1847 re
719 1803 759 1848 uc
910 1803 973 1849 ,cx
994 1791 1180 1867 grure.,'
1237 1835 1244 1848 .
1304 1834 1310 1848 .

234 1889 293 1932 ees.

175 1869 525 2021 agriinlr]rort-Knr'rorr.
569 1955 735 2021 Johsnnes
750 1956 842 2020 Psite
864 1957 950 2040 cepit
972 1977 1073 2020 unum
1088 1961 1311 2021 tenementum

172 2047 207 2106 et
222 2043 254 2126 vj
272 2063 359 2106 acras
380 2048 474 2107 terres
495 2047 529 2107 et
550 2063 649 2107 unam
671 2064 778 2107 acrem
799 2048 892 2107 terrae
914 2043 998 2126 prati
1020 2043 1107 2126 quod
1125 2043 1309 2108 Willelmus

173 2129 352 2212 Schepbird
367 2130 456 2213 prius
471 2130 596 2193 tenuit:
616 2129 753 2194 habend'
775 2136 808 2194 et
829 2129 957 2194 tenend'
972 2130 1013 2193 ad
1027 2135 1117 2194 term
1133 2130 1211 2194 vitae
1226 2151 1311 2195 suae:

172 2216 262 2280 redd.
277 2217 445 2300 antiquam
458 2217 585 2287 finnom
599 2221 631 2280 et
647 2217 798 2281 servicis:
819 2217 863 2281 Et
877 2217 974 2281 faciet
988 2217 1130 2281 Domino
1145 2223 1178 2281 et
1192 2217 1309 2282 vicinis

172 2322 247 2385 quse
270 2303 471 2367 incumbunt.
526 2303 612 2388 Pleg.
640 2303 795 2368 Ricardus
819 2303 872 2367 del
896 2304 1043 2368 Newton.
1101 2305 1145 2367 Et
1171 2305 1227 2368 dat
1251 2325 1309 2388 pro

129 2391 133 2396 ’
172 2390 310 2473 gres'me
326 2390 398 2454 40d.
442 2391 486 2453 Et
499 2390 636 2472 incipiet
650 2389 772 2454 solvere
788 2390 828 2454 ed
843 2391 963 2454 festum
977 2390 1068 2456 Pent.
1080 2411 1164 2455 enno
1175 2391 1310 2455 Domini

172 2481 233 2540 etc.
255 2476 346 2560 lxvij;
398 2477 442 2539 Et
467 2476 638 2560 praedictus
664 2476 830 2541 Johennes
856 2477 982 2541 invenit
1008 2477 1088 2542 dues
1115 2498 1202 2542 acres
1224 2478 1310 2541 binae

172 2582 292 2627 amurae
306 2569 340 2627 et
351 2564 364 2646 j
381 2584 488 2627 acrem
502 2563 596 2627 trinae
610 2584 726 2627 onurae
740 2583 820 2646 ques
835 2563 882 2628 sic
897 2564 1047 2628 dimittet.

217 2649 338 2714 Aoum.
393 2650 596 2733 Praeceptum
619 2655 669 2714 est
692 2651 881 2734 distringere
902 2650 946 2713 ffl’
969 2650 1098 2714 Thomee
1121 2650 1310 2733 Perkynson

171 2756 232 2819 pro
260 2736 424 2801 mercheto
450 2757 617 2821 quousque
644 2743 732 2801 corte
762 2737 958 2802 ostendatur.
974 2773 1019 2784 -
1034 2738 1235 2819 Praeceptum
1260 2742 1310 2800 est

171 2823 319 2888 Johanni
342 2823 408 2887 filio
434 2823 564 2887 Thomae
586 2824 627 2887 de
651 2823 783 2888 Ohilton
804 2825 1015 2887 commoranti
1039 2823 1125 2907 apud
1147 2823 1178 2886 le
1201 2822 1309 2886 Coites

171 2910 261 2992 quod
275 2915 402 2974 revocet
416 2909 521 2973 filium
537 2930 632 2974 suum
654 2910 693 2974 de
715 2909 810 2974 scolis
832 2912 913 2975 citra
932 2911 1052 2974 festum
1068 2908 1309 2973 Purificsoionis

172 2996 209 3061 B.
226 2997 340 3061 Moriae
355 2997 443 3080 [Feb.
458 2999 489 3082 2]
504 2997 593 3078 prox'
608 2997 755 3061 futurum
771 3035 784 3044 -
800 3033 814 3046 ·
892 3007 895 3016 '

215 3084 316 3147 anv.
361 3085 563 3166 Praeceptum
578 3090 627 3147 est
642 3084 831 3167 distringere
847 3103 956 3147 omnes
971 3082 1089 3146 liberos
1104 3087 1252 3145 tenentes
1268 3082 1309 3146 ((1

171 3171 354 3254 ooperiend’
369 3170 599 3234 molendinum.
643 3171 688 3233 Et
702 3170 839 3253 injunct’
856 3190 967 3235 omnes
982 3169 1039 3232 (111
1058 3168 1128 3252 [sic]
1143 3169 1207 3232 ten'
1224 3172 1310 3251 quod

171 3258 379 3340 coperiantur
394 3257 464 3341 [sic]
479 3257 560 3322 citra
575 3277 663 3339 prox.
678 3258 800 3320 curiam
822 3256 1013 3340 praedictum
1027 3255 1256 3320 molendinum.
1267 3295 1309 3306 -

170 3344 281 3407 Adam
301 3344 425 3408 Milner
445 3345 532 3427 oepit
546 3343 767 3407 molendinum
782 3344 822 3408 de
840 3345 1025 3426 Merington
1041 3343 1150 3426 Hege:
1171 3340 1308 3407 habend.

171 3437 206 3495 et
236 3430 364 3494 tenend.
395 3451 414 3494 s
442 3431 524 3494 festo
555 3430 585 3494 S.
615 3431 752 3494 Martini
781 3451 865 3495 anno
894 3429 988 3513 lxvjc
1016 3450 1119 3512 usque
1148 3429 1189 3492 ((1
1217 3435 1308 3493 term.

170 3517 310 3581 duorum
347 3538 505 3581 annorum
518 3556 534 3569 -
549 3555 563 3566 -
577 3516 680 3580 Redd.
707 3538 738 3600 p.
766 3537 792 3580 s.
819 3519 835 3581 7
862 3516 895 3580 11.
954 3517 998 3579 Et
1033 3517 1131 3581 faciet
1167 3516 1309 3578 Domino

170 3610 205 3668 et
234 3604 353 3668 vicinis
376 3625 448 3688 quse
474 3605 676 3667 incumbunt.
720 3603 763 3666 Et
789 3603 885 3667 faciet
907 3603 947 3666 ed
968 3603 1203 3687 reperecionem
1227 3622 1310 3685 prae-

169 3691 259 3755 dioto
281 3691 466 3754 molendino
488 3697 584 3773 prout
604 3690 685 3753 firm'
707 3690 853 3772 pertinet.
866 3727 909 3738 —-
921 3689 1077 3753 Ricardus
1099 3689 1251 3770 Teilyour
1265 3725 1279 3736 ·
1294 3725 1309 3736 -

170 3779 260 3861 cepit
274 3777 309 3860 iij
327 3798 415 3841 acras
430 3783 522 3841 terroe
536 3797 672 3862 querum
693 3777 716 3860 ij
741 3797 821 3840 acrae
839 3778 949 3859 jacent
971 3795 1067 3858 super
1086 3774 1118 3838 le
1140 3773 1309 3857 Mirignoll

171 3871 205 3928 et
227 3885 294 3928 una
316 3885 389 3928 ecre
407 3865 495 3947 jacet
516 3864 603 3947 apud
625 3865 655 3928 le
677 3864 854 3947 Feryspot:
875 3863 1011 3926 habend’
1034 3867 1067 3925 et
1081 3861 1145 3925 ten'
1160 3860 1201 3924 ((1
1216 3867 1307 3927 term.

170 3951 217 4034 xij
244 3971 422 4014 annorum:
443 3951 529 4014 redd.
555 3970 613 4034 pro
635 3950 739 4034 primo
763 3970 847 4013 anno
873 3949 953 4026 18d.,
976 3949 1117 4012 secundo
1143 3967 1227 4011 anno
1256 3955 1310 4025 ts,

169 4038 272 4102 tercio
295 4058 379 4102 enno
403 4045 446 4103 2s.
465 4037 524 4114 od,
539 4042 652 4120 quarto
674 4057 758 4101 enno
783 4042 837 4112 3s.,
851 4042 884 4102 et
899 4037 946 4100 sic
967 4035 1008 4099 de
1030 4055 1114 4099 anno
1136 4035 1172 4097 in
1187 4055 1309 4098 annum

169 4144 275 4208 usque
290 4124 389 4188 finem
402 4124 535 4188 termini
550 4125 602 4188 sui
616 4160 629 4172 ·
645 4161 658 4171 -

215 4211 556 4275 wrsr-Mmrrcror.
602 4211 809 4292 Compertum
834 4229 892 4292 per
912 4206 1160 4290 inquisicionem
1181 4208 1308 4272 viHaru'

169 4297 239 4382 [sic]
255 4297 343 4361 villae
357 4298 509 4361 villarum
531 4297 602 4381 [sic]
625 4297 665 4360 de
685 4297 971 4378 Mid·Meryngton
986 4300 1019 4358 et
1038 4295 1309 4379 Est-Meryngton

170 4384 260 4468 quod
281 4391 365 4448 terre
387 4405 485 4469 quem
507 4385 651 4468 Rogerus
666 4384 773 4467 Asper
795 4388 827 4446 et
842 4380 1028 4445 Willeimus
1047 4382 1130 4466 Fery
1144 4389 1257 4446 tenent
1271 4385 1309 4442 ut

170 4471 212 4535 de
235 4471 308 4555 jure
334 4492 471 4535 uxorum
496 4492 627 4536 suorum
653 4476 687 4534 et
712 4471 824 4534 eadem
849 4475 934 4532 terra
960 4469 1123 4550 quondam
1149 4467 1309 4532 iohannis

170 4557 267 4624 Horu
296 4564 450 4624 tenentur
475 4558 515 4624 de
541 4558 614 4642 jure
639 4557 786 4622 iuvenire
811 4576 911 4620 unam
936 4561 1064 4638 portam
1087 4556 1128 4620 ed
1153 4555 1310 4618 orientem
