3224 5212
191 590 282 651 1375.
459 595 1065 654 nmuorsrmonarusouumnnusrs.
1265 599 1326 657 129

231 758 376 824 Mm-M’.
421 761 473 824 De
488 760 567 843 [fios
577 760 718 844 parsuros]
733 781 791 845 pro
806 761 910 844 spinis
932 764 1064 828 succisis
1080 764 1164 830 infra
1178 765 1209 830 le
1224 765 1324 830 Frish.

187 877 231 891 -
242 846 434 929 Injunotum
449 852 498 910 est
520 848 668 912 omnibus
686 855 749 912 ten
765 847 853 913 villae
867 850 954 933 quod
977 851 1088 915 nullus
1110 872 1219 916 eorum
1241 873 1324 916 succ.

188 933 299 1016 spinas
314 934 350 996 in
365 936 467 1017 camp’
483 933 523 997 de
538 934 680 998 Mid-M'.

229 1020 480 1084 Esr-mrrror.
526 1020 629 1105 [Elias
651 1022 869 1086 Pater-noster
894 1041 913 1086 a
934 1023 1161 1107 juror.]-De
1187 1026 1324 1089 Ricardo

188 1105 376 1183 Widouson‚
404 1106 569 1172 Johunnes
599 1108 736 1172 Freman
761 1129 818 1191 pro
844 1130 909 1173 una
938 1109 1053 1174 ihrava
1076 1131 1186 1176 avenae
1210 1118 1325 1177 vocata

188 1192 415 1277 Saintgilicom
430 1193 569 1271 detenta,
583 1200 678 1279 prout
693 1201 890 1278 compertum
906 1202 955 1260 est
970 1196 1010 1261 de
1024 1198 1240 1264 misericordia
1254 1199 1323 1262 red.

188 1281 389 1344 condonatur
402 1299 460 1363 per
474 1281 624 1346 Priorem.

231 1369 455 1430 Moansmwu.
510 1368 744 1432 Praemniatum
770 1369 927 1451 estquod
948 1368 1056 1434 Alicia
1075 1371 1143 1434 filia
1164 1370 1324 1436 Johannis

188 1453 329 1517 Hudson
354 1455 459 1537 spons’
482 1453 546 1517 iuis
567 1475 663 1538 super
683 1453 820 1518 liberam
842 1460 978 1519 terram:
1000 1457 1072 1521 ideo
1093 1458 1325 1542 inquirendum

188 1547 238 1603 est
252 1541 282 1603 si
296 1541 367 1623 ipsu
380 1539 488 1604 Alicio
500 1541 591 1605 dabis
604 1541 722 1606 merch'
732 1542 784 1606 vel
798 1562 871 1606 non.
883 1579 926 1589 —
938 1545 961 1608 J
962 1541 1104 1608 ohannes
1113 1545 1199 1610 filius
1209 1545 1324 1628 Rogeri

189 1627 427 1710 calumpniatus
443 1634 492 1692 est
507 1629 638 1692 nativus
654 1629 778 1691 domini
793 1628 928 1693 devilia
943 1630 983 1694 de
998 1631 1102 1694 Parva
1124 1633 1275 1709 Heswess,
1291 1639 1324 1696 et

188 1713 370 1798 dicitquod
391 1714 474 1778 liber
495 1721 554 1793 est,
575 1715 647 1780 ideo
666 1716 789 1798 juravit
810 1715 897 1799 quod
919 1736 985 1780 non
1007 1719 1170 1802 elongabit
1192 1739 1226 1783 se
1248 1726 1323 1782 ante

187 1821 276 1882 prox.
301 1822 374 1878 cur„
397 1801 520 1866 scilicet
541 1802 583 1866 ad
603 1803 830 1867 racionabilem
851 1804 1134 1885 praemunicionem
1155 1805 1265 1869 veniet
1281 1806 1323 1869 ad

188 1908 252 1953 our.
297 1889 341 1952 Ec
362 1888 552 1972 Radulphus
568 1889 607 1952 de
629 1889 796 1973 Malbebye
817 1891 1003 1972 manucepit
1024 1912 1082 1974 pro
1100 1897 1143 1957 8s.
1159 1892 1194 1954 in
1216 1893 1322 1976 precio

187 1975 286 2038 unius
301 1975 377 2058 equi
392 1976 538 2040 arrestati
553 1975 594 2039 ad
609 1976 728 2040 dictam
744 1976 875 2040 curiam.

232 2061 330 2125 Curia
350 2068 442 2126 tenta
463 2063 550 2145 apud
573 2063 748 2128 Husrnomr
771 2063 823 2126 die
839 2064 939 2128 Mero.
955 2083 1042 2147 prox.
1059 2069 1133 2148 post
1154 2064 1273 2129 festum
1291 2065 1321 2129 S.

189 2147 334 2225 Hillarii,
348 2164 410 2213 nn.
427 2154 484 2214 etc.
499 2149 587 2213 lxxv.

230 2235 378 2300 Dounon.
408 2237 432 2300 J
432 2236 574 2300 ohannes
583 2236 717 2300 Douson
730 2273 742 2284 -
759 2237 869 2320 -cepit
878 2258 981 2301 unum
990 2237 1148 2321 cotugium
1159 2238 1323 2321 quondam

186 2321 223 2383 in
244 2327 360 2386 tenura
374 2323 534 2406 Marjoriae
550 2323 701 2387 Kemster
714 2330 748 2387 ei
762 2344 865 2387 unum
879 2324 967 2388 aliud
982 2325 1142 2408 cotagium
1157 2325 1273 2388 ultimo
1288 2326 1323 2387 in

187 2415 303 2472 tenura
328 2408 455 2472 Matild’
479 2410 655 2494 Faitwyfe:
685 2409 819 2474 habend
845 2416 878 2474 et
902 2410 1028 2475 ienend
1056 2411 1097 2474 ad
1123 2411 1323 2475 voluntatem

188 2495 328 2558 domini:
350 2496 435 2560 redd.
447 2517 477 2581 p.
491 2517 518 2561 a.
530 2503 573 2560 2s.
591 2534 603 2545 -
619 2534 684 2544 --
694 2497 945 2562 Ordinatumest
959 2517 1000 2561 ex
1014 2499 1178 2563 communi
1192 2519 1324 2563 assensu

185 2582 273 2664 quod
282 2582 392 2646 nuilus
403 2603 512 2647 eorum
521 2583 859 2667 maledicantaliipio]
869 2584 906 2646 in
914 2585 1019 2648 verbis
1029 2585 1081 2648 vel
1090 2585 1322 2649 iactis-Do-

187 2669 297 2732 minus
319 2670 476 2734 Ricardus
492 2670 531 2734 de
545 2670 761 2734 Woulueston
774 2671 913 2735 vicarius
928 2674 1012 2754 cepit
1034 2691 1136 2734 unum
1158 2676 1322 2735 tenemen-

186 2760 266 2832 tum,
282 2754 318 2818 xl
332 2775 419 2821 acras
433 2763 525 2821 terrae
541 2757 655 2821 ultimo
670 2757 705 2820 in
720 2762 835 2822 tenura
847 2757 1008 2822 Willelmi
1022 2757 1062 2821 de
1073 2758 1198 2822 Norton
1208 2759 1322 2822 vicarii

186 2847 262 2905 unte
276 2842 404 2924 ipsum:
425 2843 560 2909 habend.
578 2852 611 2909 et
625 2844 751 2908 tonend.
767 2845 827 2909 viz.
843 2844 958 2908 efecto
973 2845 1046 2907 Pur.
1063 2844 1097 2908 B.
1114 2844 1169 2921 M,
1184 2861 1246 2908 no.
1262 2851 1320 2908 eto.

186 2928 282 3011 lxxiij
298 2949 402 3013 usque
424 2930 465 2993 ad
486 2936 576 2996 term.
592 2952 637 2994 xv
651 2951 808 2995 annorum
830 2951 870 2996 ex
893 2937 971 2994 tunc
993 2951 1081 3012 prox.
1097 2951 1161 3013 seq.
1178 2969 1191 2979 -
1207 2969 1219 2980 -
1234 2931 1321 2994 redd.

186 3035 245 3098 pro
269 3036 354 3080 anno
379 3016 473 3100 lxxiij
499 3023 565 3081 20s.
587 3038 628 3083 ex
650 3017 865 3082 convencione
886 3018 971 3081 inter
991 3019 1100 3100 ipsum
1122 3023 1154 3082 et
1175 3017 1321 3081 dominos

187 3101 344 3166 Thomam
353 3102 393 3167 de
404 3103 571 3187 Herdwyk
582 3110 661 3168 iuno
670 3105 839 3168 terrarium
847 3111 880 3168 et
891 3104 1074 3170 Johannem
1086 3104 1125 3168 de
1137 3104 1322 3187 Beryngton

187 3189 283 3265 burs,
298 3195 337 3252 ut
357 3190 445 3268 dicit,
460 3198 493 3254 et
508 3191 652 3274 quolibet
673 3211 757 3254 anno
778 3197 931 3274 sequente
946 3191 1051 3255 solvet
1074 3196 1139 3254 30s.
1156 3211 1322 3273 quousque

186 3297 233 3338 xv
247 3275 327 3339 anni
341 3277 462 3341 fuerint
476 3277 628 3360 completi
642 3277 677 3340 in
699 3298 775 3341 ocsu
797 3278 883 3360 quod
904 3285 1046 3342 moretur
1060 3285 1093 3342 et
1106 3298 1173 3342 non
1195 3299 1322 3362 permu-

186 3362 313 3426 taverit.
357 3363 541 3446 Etdampn'
557 3364 724 3428 domorum
747 3364 825 3428 dum
847 3364 977 3428 fuerunt
999 3365 1034 3427 in
1060 3371 1174 3428 tenura
1199 3365 1323 3429 domini

185 3448 346 3513 Wfflelmi
361 3450 401 3514 de
416 3452 542 3516 Norton
556 3451 670 3515 vicarii
690 3457 766 3515 unte
780 3452 888 3534 ipsum
910 3451 1085 3534 adjudicati
1101 3452 1169 3536 [mc]
1191 3453 1323 3516 fuerunt

186 3535 226 3599 ad
251 3542 317 3600 60s.
333 3536 374 3600 ad
393 3558 530 3620 quarum
552 3538 811 3602 emendacionem
832 3538 885 3620 pd.
902 3538 1058 3602 Ricardus
1074 3539 1161 3622 cepit
1176 3539 1215 3604 de
1230 3540 1322 3603 bonis

186 3622 238 3707 pd.
255 3623 414 3688 Willelmi
436 3626 458 3709 ij
483 3645 582 3708 equos
596 3645 645 3709 pc.
666 3630 739 3701 16s.‚
754 3625 767 3707 j
784 3644 915 3688 vaccam
939 3646 1013 3688 cum
1031 3626 1045 3708 j
1070 3625 1174 3689 vitulo
1190 3646 1237 3709 pc.
1257 3631 1321 3689 lis.

186 3716 220 3774 ei
248 3709 272 3794 ij
303 3711 401 3776 boves
430 3732 478 3794 pc.
512 3716 577 3776 30s.
609 3712 703 3795 [from
741 3710 875 3775 another
909 3718 1002 3794 entry
1031 3712 1058 3773 it
1087 3732 1220 3793 appears
1250 3711 1322 3774 thas

185 3803 202 3829 ‘¹
214 3796 414 3862 devenerunt
435 3799 472 3861 in
493 3819 592 3862 manu
614 3798 737 3861 domini
758 3797 888 3862 Ricardi
909 3797 1022 3862 vicarii
1043 3797 1083 3861 de
1099 3797 1261 3860 Willelmo
1282 3797 1322 3860 de

185 3883 312 3946 Norion
333 3905 391 3966 pro
417 3885 538 3949 emend.
565 3885 679 3949 domus
706 3885 828 3947 domini
852 3905 973 3967 apprec.
1001 3884 1041 3947 ad
1063 3883 1111 3966 iiij
1134 3903 1265 3958 marcas,
1286 3884 1323 3947 in

185 3970 299 4052 primis
324 3971 356 4053 vj
378 3991 466 4035 acras
490 3971 645 4036 frumenti
669 3991 718 4054 po.
745 3972 827 4035 10s.”
851 3971 928 4055 (and
950 3971 1005 4034 the
1027 3970 1126 4034 above
1148 3969 1322 4054 animals)].

184 4056 331 4120 Fueruni
345 4059 492 4122 arrestati
502 4079 559 4141 pro
568 4058 794 4122 emendacione
805 4058 857 4140 pd.
870 4058 1038 4121 domorum
1048 4077 1128 4140 quos
1139 4057 1324 4121 Willelmus

186 4143 225 4206 de
235 4144 362 4207 Norton
371 4145 458 4209 filius
474 4144 617 4228 ejusdem
628 4145 741 4208 vicarii
752 4144 896 4220 abduxit,
908 4165 988 4227 quos
998 4143 1049 4226 pd.
1061 4143 1216 4208 Ricardus
1226 4144 1323 4208 habe-

185 4230 235 4293 bis
249 4230 304 4293 vel
317 4231 461 4314 precium
477 4231 506 4295 si
521 4232 669 4295 dominus
684 4231 775 4294 Prior
789 4231 893 4313 possit
906 4251 1091 4313 recuperare
1106 4229 1159 4294 vel
1180 4231 1323 4314 precium

184 4316 367 4400 perlegam.
412 4318 498 4401 Pleg.
514 4319 556 4382 ad
577 4318 685 4383 omnia
698 4317 851 4400 praedicta
866 4317 1073 4401 perimplend'
1097 4318 1217 4400 obligat
1235 4338 1268 4382 se
1291 4323 1324 4382 et

184 4403 294 4466 omnia
308 4405 393 4468 bona
408 4425 466 4468 sua
480 4405 516 4468 in
530 4405 703 4488 praesencia
725 4404 843 4468 Prioris
859 4405 894 4467 in
909 4405 1004 4468 curia.
1016 4404 1175 4468 —Adam
1198 4404 1238 4467 de
1254 4404 1322 4468 Gii-

185 4489 302 4554 dansid
313 4491 404 4557 venit
420 4498 453 4556 et
467 4492 553 4575 cepit
567 4512 669 4555 unum
681 4491 842 4574 octagium
853 4491 938 4574 quod
950 4490 1134 4554 Willelmus
1146 4490 1322 4573 Langbayn

185 4577 292 4641 tenuit
304 4598 379 4643 oum
389 4579 422 4662 vj
436 4579 517 4644 acris
532 4585 624 4644 terrae
639 4579 750 4643 afesto
762 4578 791 4641 S.
805 4578 940 4642 Martini
951 4593 1011 4642 no.
1025 4576 1209 4644 mccclxxv
1220 4596 1323 4658 usque

756 4681 768 4727 1
