3224 5212
166 571 258 631 1374.
433 583 1040 636 amuorsruromrusouuuuuuusrs.
1239 577 1300 636 123

206 739 511 806 Naurum-Karsos.
555 740 721 806 Waltarus
741 740 913 827 Bisohopp,
935 743 1090 808 Ricardus
1113 743 1245 821 Gibson‚
1267 751 1302 808 et

162 825 327 890 Walterus
350 826 500 891 Mustard
518 828 642 911 jur'.-
655 829 846 912 Injunotum
867 835 918 894 est
941 829 1109 894 Willelmo
1134 830 1246 896 Fuller
1267 836 1300 894 et

162 913 299 976 Rioardo
316 913 441 978 Gibson
456 920 488 978 et
502 915 670 979 Willelmo
694 915 769 979 Ibbi
784 916 871 999 quod
892 917 1032 1000 reparari
1052 915 1176 981 faoiabt
1197 937 1300 980 unum

161 1000 324 1082 ootagium
339 1001 426 1083 quod
440 1000 615 1084 praedictus
629 1001 796 1066 Willelmo
812 1002 898 1086 oepit
913 1003 953 1066 ad
976 1003 1188 1068 edificandum
1212 1003 1301 1068 suffi-

162 1086 285 1150 cienter
307 1086 389 1151 eitra
406 1087 525 1152 festum
540 1087 571 1154 S.
588 1087 761 1153 Michaelis
782 1109 871 1172 prox.
887 1089 1035 1153 futurum
1057 1090 1118 1154 sub
1139 1109 1236 1173 poena
1258 1089 1300 1154 di.

162 1192 284 1236 marcae

207 1260 439 1324 Busruerssu.
483 1258 650 1324 lohannes
676 1260 843 1343 Miryman
859 1267 893 1326 et
906 1262 1073 1327 Jobannes
1095 1262 1300 1327 Saunderson

161 1346 367 1429 assignantur
380 1347 545 1430 praepositi
560 1351 593 1410 et
611 1347 763 1430 jurentur
784 1349 889 1413 faeere
910 1349 997 1432 quod
1019 1353 1166 1414 tenerent
1188 1349 1300 1424 faeere,

161 1436 195 1497 et
210 1433 395 1516 injunctum
410 1439 460 1496 est
473 1432 623 1497 omnibus
638 1435 825 1499 tenentibus
839 1435 926 1500 villae
940 1435 1027 1519 quod
1038 1435 1176 1519 quilibet
1190 1455 1301 1500 eorum

162 1521 296 1583 veniant
307 1519 376 1602 [ste]
389 1540 446 1602 pro
457 1519 562 1596 freth',
576 1519 705 1585 birlaws
717 1525 750 1585 et
760 1521 833 1586 aliis
845 1523 988 1587 comodis
999 1526 1031 1586 et
1043 1522 1192 1606 proficuis
1204 1522 1300 1587 diotae

162 1605 250 1669 villae
264 1606 429 1688 ponendis,
445 1605 485 1669 ad
500 1607 784 1690 praemunioionem
799 1607 958 1672 dictorum
973 1609 1225 1692 praepositorum.

206 1693 305 1757 Curia
319 1698 412 1756 tenta
431 1693 519 1776 apud
538 1693 759 1758 Ennounans
784 1695 825 1758 di.
847 1695 945 1760 Mero.
969 1715 1056 1778 pror.
1079 1700 1154 1778 post
1174 1696 1245 1760 fest.
1268 1695 1300 1759 S.

162 1779 185 1842 J
185 1779 278 1844 aeobi
291 1778 443 1862 Apostoli
456 1795 519 1844 sm.
535 1785 593 1844 ete.
608 1779 749 1863 lxxiiijw.

209 1954 300 2017 1374.
318 1951 505 2036 II.-Apud
517 1952 729 2018 Hetheworth
741 1954 794 2018 die
804 1955 903 2018 Lunae
917 1974 1006 2038 prox.
1019 1975 1045 2018 a
1057 1954 1177 2018 festum
1192 1953 1222 2017 S.
1246 2002 1252 2015 .
1269 2001 1275 2015 .
1292 2001 1299 2016 .

162 2039 272 2122 [Same
287 2047 387 2104 terrar
401 2039 466 2104 and
481 2040 601 2103 bursar.
639 2040 774 2125 Surtays
789 2042 854 2106 end
868 2041 975 2105 others
990 2047 1048 2104 not
1062 2040 1202 2124 named]

205 2126 453 2190 Hsrnuwonrn.
498 2126 683 2192 Willelmus
698 2128 819 2192 Person
834 2128 921 2212 oepit
934 2128 971 2211 iij
988 2147 1077 2193 aeras
1092 2135 1184 2192 terrae
1198 2147 1301 2211 quon-

162 2211 239 2275 dam
261 2213 297 2275 in
318 2217 434 2276 tenura
455 2212 556 2296 patris
578 2214 630 2277 sui
651 2234 739 2278 nuno
765 2213 881 2278 ultimo
903 2215 939 2278 in
965 2219 1079 2278 tenura
1105 2213 1234 2278 Ricardi
1260 2214 1301 2279 da

162 2298 379 2363 Hetheworth
389 2303 427 2363 ut
438 2300 574 2362 liberam
583 2304 720 2365 terram:
736 2300 873 2366 habend'
885 2305 918 2364 et
928 2301 1057 2365 tenend’
1068 2300 1108 2364 ad
1121 2306 1211 2364 term.
1223 2301 1302 2365 vitas

162 2405 246 2449 suae:
269 2385 355 2449 redd.
370 2407 401 2470 p.
416 2406 443 2450 a
461 2392 505 2449 ts.
520 2385 607 2468 quod
621 2387 711 2469 prius
726 2387 868 2452 reddidit
884 2387 954 2452 md.
970 2424 984 2436 -
999 2425 1013 2436 -
1027 2387 1169 2472 gres’m'a
1186 2387 1257 2451 12d.

206 2472 359 2536 Hieron.
404 2471 570 2536 Johannes
591 2472 631 2536 de
654 2473 841 2538 Simondset
866 2475 952 2557 oepit
976 2494 1078 2538 unum
1103 2474 1301 2558 bondagium

161 2559 248 2640 quod
270 2558 420 2622 Dionisia
441 2578 522 2621 uxor
544 2577 603 2623 sua
625 2559 714 2642 prius
735 2561 863 2624 tenuit:
885 2559 1020 2625 haband.
1048 2565 1081 2624 et
1106 2560 1233 2626 tenend.
1258 2560 1299 2624 ad

161 2652 253 2710 term.
279 2646 357 2709 vitae
386 2665 468 2709 suae:
499 2643 586 2709 redd.
613 2666 643 2728 p.
666 2666 692 2709 a
720 2651 785 2711 35s.
810 2652 844 2711 et
866 2653 1035 2731 argentum
1061 2652 1128 2724 ter,
1157 2647 1300 2731 gres'm’a

165 2737 229 2795 l3s.
248 2731 298 2794 td.

206 2819 438 2882 Brmrrteflsu.
482 2818 671 2902 Injunotum
686 2826 735 2884 est
751 2820 900 2884 omnibus
914 2819 1100 2883 tenentibus
1111 2817 1198 2882 villae
1213 2818 1300 2902 quod

162 2905 261 2968 arrari
275 2904 397 2968 faoiant
417 2905 465 2968 les
479 2905 561 2988 leyis
583 2906 663 2969 eitra
683 2927 772 2990 prox.
795 2907 921 2970 our’.-
933 2905 1060 2970 lidelit’
1081 2905 1187 2968 nativi
1208 2905 1300 2988 oapt'.

160 2991 323 3055 Robertus
338 2990 424 3055 filius
438 2991 587 3076 Eustagii
601 2993 802 3076 Fristerlyng
812 2993 853 3057 de
868 2992 1027 3057 Hesilden
1036 2991 1165 3055 nativus
1178 2991 1302 3055 domini

161 3077 255 3142 venit
269 3077 323 3141 hio
338 3077 390 3142 die
404 3077 498 3143 Jovis
520 3078 556 3142 in
577 3078 697 3142 festum
721 3079 897 3144 Clementis
920 3080 1016 3161 Papae
1037 3094 1100 3142 ab.
1116 3082 1175 3141 ete.
1191 3077 1298 3161 lxxiiij

161 3165 197 3227 in
222 3164 399 3247 praesencia
424 3163 547 3227 domini
572 3165 733 3231 Johannis
757 3165 797 3230 de
823 3167 1009 3249 Beryngton
1030 3170 1113 3240 terr„
1134 3163 1235 3228 Alani
1259 3164 1300 3227 de

162 3250 380 3335 Billyngham,
398 3250 421 3313 J
422 3250 559 3315 ohannis
577 3251 617 3315 de
635 3253 739 3330 Elvet,
758 3252 907 3336 Hugonis
929 3252 969 3316 de
992 3251 1152 3334 Corbrigg,
1171 3255 1204 3315 et
1221 3250 1299 3314 alio·
1384 3307 1387 3315 .

162 3358 234 3401 rum
255 3336 567 3422 quamplurimorum
589 3339 775 3403 tenenoium
797 3339 837 3403 de
860 3337 1078 3421 Billyngham,
1100 3336 1301 3413 Wolueston,

160 3424 304 3501 Neuton,
326 3430 359 3488 et
381 3424 525 3507 Ooupou
547 3429 580 3489 et
602 3425 724 3507 juravit
754 3425 850 3489 tastis
878 3445 935 3508 per
956 3425 1065 3508 ipsum
1091 3424 1301 3489 saerosanctis

160 3510 357 3594 Euangeliis
372 3510 458 3594 quod
471 3510 541 3594 ipse
556 3510 616 3575 erit
626 3511 834 3594 justiciabilis
849 3511 978 3574 domino
994 3511 1098 3575 Priori
1108 3516 1142 3575 et
1154 3510 1301 3575 Conven-

161 3598 211 3660 tui
232 3596 386 3662 Dunelm'
409 3602 443 3660 et
464 3597 679 3662 servientibus
701 3597 768 3662 suis
791 3597 831 3662 de
853 3617 984 3682 eorpore
1006 3602 1040 3661 et
1061 3597 1154 3661 bonis
1176 3597 1252 3672 suis,
1268 3602 1302 3659 et

161 3684 248 3767 quod
270 3703 306 3748 ss
327 3703 392 3746 non
418 3682 581 3767 elongabit
607 3683 647 3748 de
671 3689 757 3748 terra
778 3704 887 3749 eorum
909 3684 1198 3748 sta-Johannes
1213 3683 1300 3746 filius

162 3770 301 3834 Gilberti
316 3767 477 3833 Neubond
491 3770 622 3834 nativus
637 3771 761 3834 domini
775 3770 861 3855 oepit
881 3791 981 3834 unam
1003 3776 1121 3834 terram
1142 3768 1299 3832 husband

161 3877 260 3939 quam
273 3862 365 3939 pater
378 3875 457 3921 suus
476 3855 584 3920 tenuit
598 3877 673 3920 oum
688 3858 784 3921 stuffo
799 3858 859 3920 viz.
875 3858 1017 3940 quinque
1033 3875 1121 3919 aeras
1135 3854 1300 3930 frumenti,

161 3944 304 4026 quinque
319 3963 407 4007 aeras
423 3943 521 4020 ordei,
537 3948 570 4006 et
584 3963 607 4005 x
621 3962 709 4008 aeras
723 3944 783 4028 pis’
798 3949 832 4008 et
847 3944 954 4008 aven’:
974 3942 1109 4006 haband.
1125 3947 1158 4004 et
1171 3941 1299 4006 tenend

160 4030 201 4093 ad
223 4037 314 4093 term.
337 4029 415 4092 vitae
436 4049 521 4094 suae:
542 4029 628 4093 redd.
652 4035 685 4094 et
706 4031 764 4094 fae.
787 4031 822 4094 in
846 4029 994 4094 ommbus
1015 4034 1112 4112 prout
1134 4027 1301 4093 Gilbertus

159 4121 251 4199 pater
266 4135 345 4180 suus
359 4115 449 4198 prius
464 4114 605 4180 reddidit
620 4117 745 4181 etfacit
760 4154 773 4164 -
789 4154 802 4164 -
818 4116 969 4181 Gres'm'a
982 4120 1046 4179 20s.
1060 4114 1202 4180 solvend'
1216 4115 1302 4180 infra

159 4207 298 4286 quatuor
309 4222 410 4267 annos
419 4222 448 4285 p.
459 4223 485 4266 a
500 4208 544 4266 bs.
555 4221 613 4286 per
623 4203 800 4267 Robertum
809 4203 913 4266 filium
924 4201 1093 4267 Eustaohii
1103 4201 1302 4286 Fristerlyng

160 4288 437 4372 deHesilden,qui
446 4288 742 4373 quidemRobertus
751 4289 884 4354 habebit
893 4290 1074 4354 custodiam
1083 4288 1301 4372 deohannis

160 4381 194 4439 et
215 4375 405 4440 oatellorum
428 4396 559 4440 suorum
579 4397 682 4458 usque
704 4376 746 4440 ad
767 4381 858 4440 term.
880 4396 997 4440 novem
1019 4396 1185 4452 annorum,
1207 4381 1241 4438 et
1266 4375 1302 4436 in

160 4462 224 4527 fine
250 4462 383 4528 termini
403 4461 555 4527 liberabit
580 4462 713 4546 praefato
737 4462 882 4527 Johanni
907 4463 1024 4527 catalla
1053 4464 1105 4546 pd.
1132 4468 1165 4526 et
1192 4460 1300 4544 ipsum

160 4550 265 4615 medio
288 4557 432 4633 tempore
454 4549 651 4615 sustentabit
672 4555 706 4614 et
728 4550 763 4613 in
784 4550 877 4614 viotu
898 4556 931 4614 et
952 4549 1075 4614 vestitu
1097 4552 1129 4612 et
1151 4547 1300 4612 omnibus
