3278 5204
135 549 234 609 1364.
398 560 557 609 HALMOTA
572 560 755 610 Pmouurus
769 561 1009 612 DUNELMENSIS.
1232 549 1272 610 33

130 722 236 802 prout
270 718 381 782 nativo
410 718 560 802 pertinet,
588 723 647 783 ote.
663 756 707 768 -
722 717 931 803 Compei-tum
967 726 1016 784 θεὴ
1048 740 1106 803 per
1138 719 1274 788 eandem

131 804 390 888 inquisicionem
411 806 497 888 quod
519 805 686 870 «Iohannes
708 805 898 890 Wydoueon
921 812 970 872 θεὴ
993 807 1124 871 nativus
1138 807 1274 872 Domini

132 899 171 956 et
186 892 304 956 similis
319 892 517 956 oondieionie
532 899 590 958 eto.
606 899 640 957 et
661 913 758 977 super
778 898 837 958 ete.
852 892 930 958 feeit
952 893 1142 958 fidelitatem
1160 898 1217 958 eto.
1229 931 1274 943 -

134 979 335 1042 Ordinatum
358 985 408 1044 est
430 983 464 1043 et
482 979 667 1062 injunctum
689 979 838 1043 omnibus
861 979 919 1063 qui
939 979 1071 1044 fuerunt
1089 979 1125 1042 in
1139 979 1274 1063 inquisi-

133 1065 231 1129 oione
245 1065 398 1149 praedicta
413 1065 499 1148 quod
514 1065 653 1148 quilibet
675 1086 786 1130 eorum
804 1071 914 1130 teneat
936 1065 997 1130 hoe
1021 1066 1107 1150 quod
1127 1066 1273 1130 locutum

133 1151 247 1215 fueret
266 1152 352 1215 inter
375 1172 428 1217 eos
451 1172 508 1235 pro
531 1157 651 1216 eeereto
671 1152 732 1216 sub
754 1172 850 1235 poena
865 1153 935 1218 md.
951 1152 1092 1218 solvend.
1107 1152 1274 1236 perillum

135 1239 198 1320 qui
213 1238 250 1300 in
264 1238 402 1302 deffectu
416 1239 579 1321 reperitur.
592 1276 636 1286 -
647 1239 838 1322 Injunotum
853 1244 904 1303 θεὴ
923 1239 1073 1304 omnibus
1088 1239 1273 1304 tenentibus

134 1324 237 1388 istius
261 1325 331 1388 vffl'
356 1329 389 1389 et
414 1325 482 1388 vill’
498 1325 538 1389 de
563 1325 790 1408 Est—Raynton
812 1325 899 1408 quod
921 1325 1032 1391 nullus
1051 1346 1161 1390 eorum
1180 1330 1274 1390 vocet

135 1411 284 1494 aliquem
305 1411 479 1476 earundem
500 1411 652 1475 villarum
674 1427 823 1475 NATIvuu
846 1412 981 1476 Domini
1002 1413 1063 1478 sub
1084 1433 1181 1497 poena
1205 1417 1271 1476 208.

136 1497 284 1562 solvend.
299 1518 356 1580 per
370 1498 464 1560 illum
479 1498 536 1581 qui
549 1498 585 1560 in
600 1497 739 1562 deffeetu
753 1498 915 1581 reperitur.

183 1585 388 1649 Monusnew.
431 1586 483 1648 De
497 1584 604 1648 Adam
618 1585 807 1648 Watermen
828 1605 886 1667 pro
904 1605 970 1649 uno
984 1585 1073 1670 ligno
1094 1584 1274 1652 Alexandri

136 1671 201 1734 fflii
224 1671 354 1736 Thomee
376 1675 536 1755 asportato
551 1671 592 1735 ed
606 1670 784 1754 dampnum
798 1670 901 1754 ipsius
915 1671 1092 1737 Alexandri
1113 1672 1162 1736 td
1178 1675 1274 1756 prout

135 1763 341 1841 compertum
355 1763 404 1822 θεὴ
418 1778 475 1841 per
485 1758 557 1841 jur’‚
572 1757 611 1821 de
626 1757 850 1834 misericordie,
864 1757 913 1822 od.
923 1798 969 1807 —
979 1759 1030 1823 De
1041 1757 1153 1822 eodem
1167 1758 1275 1821 Adam

135 1864 197 1928 pro
220 1851 420 1928 transgressu
440 1845 526 1908 faeta
551 1844 656 1908 eidem
680 1843 865 1908 Alexandro
891 1851 925 1909 et
946 1844 1061 1908 Alieiae
1085 1845 1180 1908 uxori
1204 1845 1274 1928 ejus

136 1931 317 1995 executriei
339 1931 525 1995 testamenti
539 1931 699 1994 willelmi
721 1931 940 2014 Huntyngton
955 1931 995 1995 de
1015 1930 1174 2013 pascendo
1189 1929 1274 1995 blod'

135 2038 198 2101 per
220 2037 332 2099 poreos
347 2038 421 2082 euos
436 2017 477 2080 ad
491 2017 669 2100 dampnum
682 2017 827 2100 ipsorum
841 2017 873 2100 vj
889 2017 1058 2100 garbarum
1073 2016 1228 2081 frumenti
1242 2020 1277 2080 et

136 2125 208 2168 una
224 2103 294 2187 [eie]
309 2103 412 2168 thrav’
423 2103 573 2186 pisarum,
585 2108 680 2186 prout
695 2108 894 2188 compertum
909 2109 958 2168 est
969 2124 1027 2186 per
1036 2104 1109 2187 jur’,
1125 2104 1165 2169 de
1180 2103 1274 2167 mise-

137 2191 288 2267 ricordia,
307 2190 473 2255 3d.—De
491 2190 603 2255 eodem
617 2190 724 2253 Adam
747 2210 804 2273 pro
826 2195 1025 2274 transgressu
1047 2191 1133 2254 faeta
1154 2189 1274 2254 eisdem

138 2277 360 2341 subvertendo
374 2281 532 2341 oareotem
543 2297 634 2341 suam
646 2297 721 2340 oum
732 2276 827 2340 blado
841 2283 1013 2354 oneratam,
1027 2283 1123 2360 pmut
1134 2296 1276 2359 comper-

137 2369 216 2427 tum
239 2369 290 2427 θεὴ
303 2383 360 2446 per
377 2364 448 2446 jud,
464 2363 504 2426 ad
527 2363 702 2446 dampnum
720 2362 781 2439 ed„
804 2363 844 2427 de
865 2364 1081 2428 misericordia
1109 2363 1276 2428 ou-De

138 2450 257 2514 eodem
271 2449 456 2514 Alexandro
470 2450 547 2534 quia
569 2450 657 2513 oanis
679 2469 756 2513 suus
779 2449 918 2514 eomedit
932 2449 1062 2515 victual’
1077 2448 1277 2533 autumpnal’

138 2537 247 2620 ipsius
264 2536 355 2612 Adae,
369 2542 464 2620 prout
485 2541 684 2619 compertum
699 2541 749 2600 θεὴ
769 2557 827 2619 per
844 2537 916 2620 jud,
932 2536 972 2600 de
993 2537 1211 2602 misericordia
1227 2534 1277 2599 3d.

138 2624 251 2688 —De
277 2623 408 2706 praefato
429 2622 537 2686 Adam
561 2623 638 2706 quia
658 2623 815 2687 mentitus
837 2623 900 2686 fuit
922 2623 1084 2706 praedictae
1105 2623 1219 2688 Alioiae
1240 2621 1277 2684 in

140 2711 242 2786 ouria,
258 2710 298 2773 de
313 2709 529 2774 misericordia
545 2709 595 2773 od.

186 2797 395 2860 PYDINGTON.
430 2797 482 2860 De
497 2796 639 2859 Waltero
650 2796 690 2860 de
704 2795 851 2859 Allerton
862 2817 919 2880 pro
930 2796 1176 2861 deterioraoione
1187 2799 1279 2858 terrae

139 2904 248 2966 nuper
262 2883 400 2966 Bonagii
420 2883 579 2946 Moneour
593 2882 672 2945 dum
692 2883 729 2946 in
749 2887 864 2947 tenura
885 2883 987 2966 ipsius
1001 2882 1139 2946 Walteri
1161 2881 1279 2955 extitit,

140 2975 243 3053 prout
278 2975 476 3053 compertum
505 2975 555 3034 θεὴ
583 2988 642 3051 per
670 2969 732 3052 jur.
763 2969 803 3033 de
836 2969 964 3050 dampu’
994 2968 1175 3050 adjudicat,
1208 2966 1277 3031 18d.

141 3055 337 3140 Assignaoio
359 3062 457 3120 terroe.
503 3056 616 3119 Unum
637 3075 714 3120 mes.
730 3061 762 3120 et
777 3055 880 3138 xxviij
897 3074 978 3119 aorae
992 3061 1082 3118 terroe
1097 3074 1170 3137 quae
1192 3053 1280 3116 Mer·
1387 3073 1390 3078 ·

140 3143 234 3226 gorio
254 3142 324 3205 filia
346 3143 478 3206 Roberti
499 3143 638 3205 Tomson
660 3140 728 3206 teut
749 3141 955 3224 assignantur
974 3141 1068 3204 Petro
1089 3141 1227 3204 Hudeon
1248 3146 1281 3204 et

140 3229 292 3294 Johanni
306 3229 346 3292 de
361 3228 504 3293 Heswell
519 3248 556 3292 eo
571 3228 657 3310 quod
672 3235 870 3311 compertum
892 3234 942 3292 θεὴ
956 3247 1013 3310 per
1023 3228 1086 3311 jur'
1102 3228 1188 3311 quod
1203 3234 1281 3292 sunt

141 3321 296 3399 potentes
310 3315 352 3378 ad
366 3316 431 3379 ten'
442 3315 619 3398 predictam
633 3319 752 3379 terram
765 3338 772 3377 :
786 3314 872 3378 redd'
883 3320 980 3397 prout
994 3315 1106 3378 eedem
1120 3315 1281 3399 Mergoria

142 3403 237 3485 prius
263 3402 422 3466 reddidit:
450 3401 623 3485 incipiend'
647 3401 770 3465 solvere
796 3400 837 3464 ad
859 3401 978 3465 festum
1000 3401 1091 3465 Pent’
1114 3422 1199 3465 anno
1221 3408 1280 3466 eto.

140 3488 526 3572 lxvj⁶⁰.-Oompe1tum
548 3493 596 3552 θεὴ
618 3508 675 3570 per
693 3488 756 3570 jur'
778 3486 864 3570 quod
884 3493 1013 3550 vesture
1034 3492 1127 3551 terrae
1148 3486 1283 3572 Bonagii

142 3577 307 3639 Moneour
328 3595 425 3658 quem
448 3575 612 3639 Walterus
636 3575 759 3657 Draper
780 3575 923 3657 percepit
945 3579 977 3638 et
998 3573 1113 3638 habuit
1135 3573 1175 3638 de
1197 3594 1282 3638 anno

141 3667 205 3726 eto.
221 3660 332 3745 luiiijto
347 3662 475 3725 valebat
489 3663 526 3724 in
540 3661 690 3724 omnibus
708 3664 773 3724 72ε.
796 3681 868 3744 quoe
883 3661 1015 3742 quidam
1030 3666 1162 3724 vesture
1183 3680 1283 3724 erres-

139 3749 277 3812 tabatur
291 3768 348 3830 pro
363 3748 481 3812 debitis
502 3747 605 3831 ipsius
621 3747 757 3831 Bonagii
771 3747 857 3810 unde
880 3747 1049 3811 Burserius
1064 3746 1151 3830 oepit
1165 3745 1283 3810 seomi-

141 3841 248 3898 tatem
263 3839 321 3899 ete.
367 3834 468 3917 [Vide
485 3838 577 3911 1364,
592 3833 653 3916 II.]

190 3921 433 3986 nemineum.
498 3921 688 4005 Injunotum
718 3923 767 3983 θεὴ
796 3920 947 3983 omnibus
980 3919 1168 3984 tenentibus
1198 3920 1284 4005 quod

143 4012 294 4091 prestant
304 4007 389 4071 leota
400 4007 471 4090 [sie]
483 4007 632 4070 servieut'
647 4006 782 4069 Terrarii
797 4012 830 4070 et
842 4006 1190 4071 BursariiadHalmot’
1203 4007 1288 4072 etad

143 4093 230 4158 alios
252 4093 410 4157 adventus
433 4114 508 4158 suos
530 4094 592 4157 sub
606 4112 702 4175 poena
718 4092 1044 4175 40d—Injunetum
1066 4099 1116 4158 θεὴ
1137 4095 1286 4158 omnibus

143 4179 340 4245 tenentibus
354 4180 443 4244 villae
458 4181 544 4263 quod
558 4179 670 4243 nullus
693 4199 803 4244 eorum
817 4179 919 4244 molat
932 4180 1066 4243 bladum
1080 4187 1171 4244 extra
1186 4180 1288 4244 domi·

142 4268 243 4331 nium
253 4265 332 4329 dum
342 4266 482 4331 molend'
491 4266 627 4330 Domini
638 4265 756 4329 Priorie
767 4264 885 4330 molere
896 4267 1000 4348 possit
1010 4267 1070 4338 sub
1080 4287 1176 4350 poena
1187 4273 1289 4332 20e.--

142 4354 191 4417 Et
213 4373 313 4435 super
336 4352 397 4418 hoo
423 4354 608 4436 injunctum
635 4357 684 4416 θεὴ
707 4353 879 4436 praeposito
899 4358 932 4416 et
951 4353 1013 4436 jur’
1034 4353 1121 4437 quod
1142 4354 1290 4418 arrestari

142 4439 271 4506 facient
281 4439 414 4504 bladum
425 4439 664 4504 transsieudum
675 4444 766 4503 extra
777 4438 955 4502 dominium
970 4460 1044 4503 eum
1059 4440 1149 4522 equis
1164 4460 1202 4504 ea
1212 4439 1291 4503 eari-

143 4525 280 4592 antibus
295 4527 357 4592 sub
371 4547 467 4610 poena
481 4527 642 4610 praedicta
687 4525 860 4609 [Dama-ges
876 4545 959 4590 were
973 4527 1073 4590 found
1096 4527 1221 4609 against
1236 4526 1292 4588 the

718 4627 737 4674 o
