3056 5222
86 607 193 669 1296.
360 618 519 668 Hannon
533 618 713 668 morcarus
728 619 969 671 DUNELMENSIS.
1191 607 1228 666 ll

85 781 175 852 201,
190 775 231 840 ad
245 775 508 841 Purificacionem
525 782 600 853 101,
612 776 652 841 ad
664 777 786 841 Pascha
796 797 883 860 prox.
897 796 1033 860 sequens
1050 779 1115 842 33s.
1129 775 1188 853 4d.,
1200 781 1233 840 11

81 862 240 926 dimittet
255 868 373 927 terram
388 863 422 925 in
438 883 475 927 eo
491 869 578 928 stetu
593 883 657 947 quo
672 863 763 926 111111
777 864 905 946 recepit.

133 949 290 1014 Hannon.
335 949 571 1014 Ooncordatum
593 955 642 1013 est
663 949 747 1013 inter
768 951 791 1014 J
793 949 952 1013 ohannem
973 947 1078 1012 filium
1097 947 1232 1013 Patrioii

83 1040 122 1098 et
148 1034 279 1099 Matild'
303 1035 448 1100 relictam
472 1036 632 1101 «Iohannis
655 1035 822 1118 Wymerk,
844 1035 905 1099 sub
930 1035 990 1099 hac
1012 1036 1122 1112 forma,
1143 1034 1231 1119 quod

85 1120 203 1185 dictus
224 1122 248 1185 J
249 1121 390 1186 ohannes
413 1121 516 1186 solvet
537 1121 632 1187 dictae
653 1121 782 1185 Matild'
796 1141 895 1186 unam
913 1141 1053 1186 marcam
1075 1141 1132 1205 pro
1147 1121 1232 1185 bono

85 1207 193 1290 pacis,
215 1207 374 1286 videlicet,
402 1207 442 1271 di
466 1229 607 1272 maroam
632 1208 673 1272 ad
698 1207 789 1272 Pent.
812 1227 906 1285 1111,
930 1212 1001 1285 111,
1025 1207 1231 1292 nonagesimo

87 1294 243 1377 septimo,
266 1299 298 1358 et
319 1294 360 1357 ad
381 1294 502 1358 festum
520 1296 556 1359 B.
572 1294 741 1358 Michaelis
763 1314 851 1378 pron
867 1313 1003 1377 sequens
1026 1293 1067 1358 di.
1083 1313 1230 1358 marcam.

87 1380 134 1443 Et
151 1381 182 1443 si
196 1401 262 1444 non
276 1380 407 1444 solverit
422 1380 463 1444 ad
477 1381 630 1445 terminos
645 1385 784 1445 statutos
798 1379 890 1444 dabit
905 1381 1008 1444 Priori
1024 1385 1089 1445 20s.
1135 1380 1232 1444 Salva

89 1472 208 1530 tamen
222 1471 351 1530 vestura
364 1468 462 1531 unius
477 1467 562 1531 rodae
577 1467 669 1530 fratri
684 1467 779 1530 dictae
793 1466 929 1532 Matild'.

134 1553 423 1618 Wnsr-Rurnnou.
467 1553 659 1636 Ranulphus
674 1553 748 1616 Rud
762 1554 839 1636 quia
853 1573 919 1617 non
932 1552 1023 1617 venit
1034 1552 1074 1617 ad
1086 1551 1230 1616 Halmot’

90 1638 453 1704 cd.-1ncrementum
479 1640 521 1704 di.
547 1640 650 1704 marc'.
694 1638 821 1702 Matild'
845 1638 957 1703 relicta
981 1639 1111 1703 Thomas
1140 1638 1231 1703 Abot

90 1725 183 1808 oepit
204 1725 324 1789 toftum
346 1733 379 1790 11
400 1725 435 1788 xl
459 1745 547 1790 aeras
568 1731 662 1790 terrae
683 1731 716 1789 et
735 1727 867 1790 terciam
887 1729 1012 1808 partem
1033 1725 1131 1789 unius
1149 1745 1229 1789 acrae

89 1832 175 1894 quas
189 1811 241 1876 vir
262 1831 340 1876 suus
361 1812 477 1889 tenuit,
493 1810 580 1876 redd.
595 1832 625 1895 p.
641 1832 667 1876 a.
685 1816 761 1889 301,
776 1818 809 1875 11
831 1811 976 1876 faciendo
1000 1811 1134 1877 servicia
1155 1831 1229 1876 con-

90 1902 194 1962 sueta.

136 1985 264 2049 01111.
317 1983 400 2069 Agn’
430 1985 576 2068 Bonamy
604 2003 662 2067 pro
691 1983 770 2066 leyr,
800 1983 836 2046 in
864 1981 1088 2060 misericordia,
1119 1982 1170 2048 od.
1184 2020 1229 2031 -

89 2069 278 2135 Willelmus
294 2071 347 2134 del
361 2071 444 2135 Ford
460 2071 536 2154 quia
550 2070 698 2134 vendidit
716 2075 827 2134 contra
842 2069 984 2147 assisam,
995 2069 1044 2134 cd.
1053 2109 1096 2118 —
1106 2070 1228 2134 Scolas·

93 2156 161 2220 tica
175 2176 234 2240 pro
252 2157 371 2235 eodem,
388 2157 437 2222 od.

137 2243 388 2308 Ean-Rumrou.
434 2241 679 2308 consideratum
689 2246 738 2308 est
752 2242 839 2325 quod
854 2242 1054 2307 Goderobine
1065 2248 1231 2326 recuperet

92 2327 133 2392 de
158 2329 310 2394 Johanne
331 2331 431 2414 Wyse
453 2350 511 2412 pro
532 2329 689 2413 plegiagio
712 2329 844 2393 Roberti
865 2329 961 2393 Pater
986 2329 1104 2394 Noster
1129 2336 1229 2394 21.-

92 2414 261 2480 Johannes
275 2416 362 2480 filius
376 2416 468 2499 Elyae
482 2415 538 2479 dat
559 2416 700 2480 Domino
722 2415 826 2478 Priori
846 2435 904 2499 pro
925 2415 1061 2480 licencia
1082 2415 1229 2480 habenda

94 2502 208 2566 arandi
233 2507 350 2565 terram
376 2500 503 2566 Matild'
528 2502 649 2566 relictae
675 2501 822 2566 messoris
848 2501 889 2565 ad
914 2507 1004 2566 11111.
1029 2503 1106 2566 vitae
1132 2501 1227 2566 dictae

94 2588 234 2665 Matild‘,
252 2589 321 2653 tad.
333 2628 377 2637 —
387 2588 510 2652 Alanus
522 2588 618 2652 Pater
628 2588 746 2652 Noster
759 2587 885 2651 invenit
895 2588 919 2652 J
919 2588 1078 2652 ohannem
1093 2589 1230 2652 Freman

95 2679 127 2738 11
141 2675 323 2738 Henricum
336 2675 440 2739 filium
454 2675 533 2738 Edae
546 2673 667 2758 plegios
682 2694 756 2738 suos
772 2674 858 2757 quod
872 2674 953 2738 bene
965 2695 999 2739 se
1013 2674 1145 2738 habebit
1156 2695 1229 2758 arga

95 2758 243 2825 homines
259 2762 377 2825 Prioris
391 2767 424 2825 et
435 2761 502 2845 juri
516 2767 600 2824 stare
614 2762 650 2824 in
665 2761 821 2825 omnibus.

139 2847 308 2911 MoanUs'.
352 2847 515 2911 Walterus
537 2847 590 2911 del
615 2848 708 2911 More
730 2847 806 2929 quia
828 2845 909 2930 colp'
930 2846 954 2930 ij
979 2866 1115 2930 quercus
1138 2851 1229 2911 extra

98 2952 230 3016 parcum
246 2933 286 2998 de
300 2933 492 3018 Reyington,
506 2934 543 2996 in
557 2933 780 3010 misericordia,
797 2933 846 2998 od.

139 3020 312 3084 Moa'mlW.
372 3019 616 3084 Consideratum
652 3025 702 3084 est
738 3018 823 3102 quod
860 3017 935 3082 Tho'
974 3016 1230 3082 Molendinarius

98 3105 201 3170 solvat
223 3107 265 3169 ad
286 3105 521 3171 emendandum
536 3106 655 3170 toftum
670 3105 832 3189 quondam
846 3103 1003 3168 Willelmi
1021 3103 1081 3167 filii
1102 3104 1230 3168 Matild'

100 3196 155 3257 ta:
170 3199 203 3257 11
214 3192 380 3257 Willelmo
391 3192 626 3256 Molendinario
643 3199 740 3257 21-
750 3191 990 3255 lucrementum
1003 3190 1074 3255 12d.
1103 3191 1230 3255 Alanus

98 3277 181 3343 filius
197 3279 361 3362 Hawysiae
375 3278 462 3363 cepit
476 3279 595 3343 toftum
610 3283 644 3344 11
665 3278 744 3362 xviij
761 3298 848 3342 acras
870 3281 962 3340 terrea
976 3297 1056 3360 quas
1072 3277 1230 3343 Robertus

99 3363 181 3429 filius
197 3365 347 3450 Hugonis
362 3366 477 3443 tenuit,
491 3365 578 3429 redd.
594 3385 624 3448 p.
640 3385 667 3429 1.
686 3370 759 3441 lta,
774 3370 808 3428 11
829 3363 932 3428 solvet
952 3364 1091 3447 primam
1104 3365 1230 3428 firmam

100 3451 138 3514 ad
157 3452 250 3516 Pent.
273 3472 368 3529 anno,
390 3458 458 3528 eta,
480 3451 685 3536 nonagesimo
707 3450 1133 3516 oetavo.-Incrementum
1158 3450 1229 3516 lld.

100 3536 145 3601 ob.
190 3539 357 3604 Johennes
379 3538 419 3602 de
438 3537 670 3620 Wyuelington
693 3537 779 3620 oepit
800 3537 919 3601 toftum
942 3541 975 3600 et
993 3540 1109 3600 terram
1133 3557 1231 3620 quam

99 3621 224 3688 Matild'
245 3624 356 3688 relicte
376 3623 536 3688 Willelmi
557 3623 618 3686 filii
639 3624 766 3687 Matild'
787 3622 894 3687 tenuit
915 3623 1000 3687 redd.
1023 3644 1054 3706 p.
1074 3643 1100 3687 a.
1122 3629 1175 3700 91,
1198 3630 1231 3687 11

98 3708 240 3775 faciendo
255 3711 390 3775 servicia
404 3715 566 3775 consueta,
1008 3774 1011 3783 ,

139 3795 194 3879 [Ia
224 3799 333 3897 111111]
378 3847 385 3862 .
408 3847 416 3862 .
439 3847 446 3862 .
469 3796 580 3860 relicta
602 3795 732 3860 Ricardi
757 3795 797 3859 de
819 3793 990 3878 Wardeley
1011 3815 1069 3877 pro
1094 3793 1231 3858 licencia

100 3878 242 3948 habenda
256 3883 403 3967 capiendi
417 3883 524 3947 virum
538 3882 628 3946 dabit
644 3886 688 3946 61.

141 4019 147 4032 .
170 4020 177 4035 .
200 4020 208 4034 .
231 3970 369 4034 Thomas
384 3970 424 4034 de
440 3968 654 4033 Braunesdale
668 3967 808 4032 reddidit
825 3986 928 4029 unum
948 3966 1069 4030 toftum
1083 3971 1117 4031 et
1130 3986 1231 4032 unam

102 4051 246 4120 bovatam
259 4060 351 4120 terrae
366 4076 464 4139 quem
477 4055 591 4119 tenuit.

142 4191 148 4205 .
170 4192 177 4207 .
201 4192 208 4206 .
232 4147 281 4206 est
295 4162 352 4225 per
361 4143 424 4226 jur'
439 4142 527 4226 quod
543 4141 688 4205 homines
703 4139 743 4205 de
757 4140 880 4204 Delton
894 4160 960 4204 non
975 4138 1093 4204 debent
1114 4139 1231 4206 habere

103 4243 300 4292 communem
322 4228 363 4293 ab
384 4229 527 4293 inferiori
547 4233 638 4310 parte
660 4226 713 4291 del
726 4225 922 4291 Welleleohe
941 4247 1052 4291 versus
1074 4227 1231 4291 fossatum

101 4315 230 4392 pomerii
253 4315 362 4398 aliquo
388 4335 483 4391 anno,
506 4314 638 4390 scilicet,
661 4313 807 4396 quolibet
829 4313 927 4377 tercio
957 4333 1042 4376 anno
1065 4314 1232 4378 habebunt

103 4395 205 4482 fugam
227 4422 319 4465 suam
340 4423 415 4466 oum
437 4401 629 4464 animalibus
652 4400 719 4464 suis
734 4399 775 4462 ad
797 4419 926 4464 moram.
971 4401 1056 4464 Item
1074 4400 1231 4483 juratores
1329 4415 1331 4418 ·

104 4482 211 4551 dicunt
233 4489 318 4571 quod
343 4488 488 4552 homines
511 4488 551 4551 de
574 4486 697 4550 Delton
720 4486 866 4551 solebant
887 4487 1004 4551 habere
1028 4507 1231 4550 communem

104 4587 170 4638 oum
185 4575 379 4640 animalibus
395 4575 462 4640 suis
481 4578 606 4658 aperta
628 4573 763 4638 manerii
777 4594 888 4638 versus
903 4573 989 4638 viam
1010 4573 1050 4636 de
1065 4570 1231 4637 Hesilden.
