3224 5212
273 547 334 606 134
535 555 693 604 naamon
709 553 890 602 PRIORATUS
906 552 1146 602 normannum.
1313 542 1408 600 1376.

314 713 436 778 Aonas.
494 712 661 778 Johannas
683 709 839 774 Tailliour
859 710 952 776 venit
973 716 1007 776 61
1029 710 1115 794 cepit
1134 709 1183 774 xii
1204 729 1292 774 acras
1313 715 1409 773 terrac

269 796 1408 968 11111113111110161131111111131111

270 993 312 1038 ax
325 973 377 1038 lie.
392 973 527 1038 Prioris:
557 971 693 1036 haband
716 977 750 1036 61
774 970 902 1036 166661
925 971 968 1036 61
989 977 1079 1036 term
1100 971 1179 1034 vite
1202 990 1287 1035 suae:
1317 970 1407 1034 redd

271 1081 301 1145 p.
318 1082 344 1124 a
360 1065 425 1124 126.
441 1095 454 1108 -
469 1096 483 1107 -
499 1059 652 1124 Gres’m’a
668 1063 712 1122 36.

315 1147 460 1212 Mm·M’.
496 1147 548 1210 De
561 1144 728 1210 Willelmo
743 1144 883 1209 Currour
897 1143 975 1227 quia
988 1163 1054 1207 non
1070 1144 1233 1227 reparavit
1246 1143 1278 1208 16
1292 1144 1407 1207 Broca-

272 1232 363 1310 hous‚
379 1233 419 1297 de
433 1231 651 1297 misericordia
666 1232 716 1295 ad.

312 1319 449 1384 Esr-M’.
472 1320 524 1383 Dc
532 1318 704 1384 Laurentio
714 1318 911 1400 Hunterpro
920 1317 1172 1402 transgressione
1181 1316 1266 1380 facta
1275 1316 1407 1380 Thomas

271 1405 311 1470 da
333 1405 495 1489 Morpaph
509 1405 570 1470 vic'
584 1411 681 1489 prout
703 1403 831 1481 fatetur,
847 1404 897 1468 61.
909 1405 1016 1468 —De
1038 1402 1161 1468 Gillota
1181 1404 1223 1466 de
1244 1403 1406 1488 Midrigge

271 1512 328 1574 pro
351 1492 513 1559 merchato
541 1493 612 1556 lad.
671 1491 722 1555 De
746 1490 789 1554 Is'
819 1511 919 1554 uxore
945 1491 1078 1554 Roberti
1100 1490 1162 1553 filii
1188 1489 1318 1554 Ricardi
1346 1511 1405 1574 pro

269 1578 349 1662 leyr‚
364 1578 479 1662 [6116]
497 1578 621 1643 Gillcta
643 1577 684 1642 de
698 1577 858 1661 Midrigge
879 1597 938 1662 pro
960 1577 1304 1655 eodem‚12d.-Jur'
1324 1597 1405 1660 prae-

270 1671 400 1730 sentant
421 1665 508 1750 quod
526 1666 539 1749 j
563 1664 724 1748 cotagium
743 1671 778 1728 et
795 1665 809 1747 j
831 1664 963 1748 grangia
983 1665 1131 1747 prostrat’
1152 1663 1188 1727 in
1209 1669 1324 1728 tenura
1345 1684 1406 1728 sue

271 1753 357 1835 Ha&
375 1753 429 1818 del
443 1751 621 1816 Tcunhend
635 1752 692 1834 etj
709 1751 872 1836 octagium
893 1751 1026 1815 Rcberti
1048 1751 1178 1814 Hikscn
1192 1787 1207 1796 -
1221 1750 1261 1832 -j
1277 1770 1352 1815 mes.
1369 1751 1404 1812 in

270 1844 385 1903 tenura
399 1839 549 1923 Hugonis
563 1836 811 1903 Atthetcnheud
825 1877 839 1888 -
851 1875 864 1886 ·
875 1838 889 1921 j
903 1837 1063 1922 cotagium
1075 1838 1111 1901 in
1122 1843 1236 1901 tenura
1246 1836 1405 1901 Willelmi

272 1925 312 1990 de
327 1927 556 2011 Heghyngton.

313 2013 534 2077 Plr'ruuorou.
556 2012 765 2096 Compertum
775 2017 824 2075 661
834 2031 891 2094 per
902 2017 1138 2075 sacramentum
1151 2010 1404 2094 [foartoeamca]

268 2099 304 2161 in
319 2100 493 2181 praescncia
508 2099 632 2162 domini
654 2098 787 2162 Roberti
802 2097 842 2162 de
857 2096 1068 2162 Wallewcrth
1084 2097 1204 2162 Prioria
1219 2104 1253 2161 et
1269 2097 1406 2161 aliorum

270 2185 482 2267 plurimorum
505 2185 591 2268 quod
613 2185 771 2250 Robertus
793 2184 880 2248 filius
902 2184 1054 2248 Nicholai
1076 2184 1135 2267 qui
1156 2183 1251 2247 modo
1272 2191 1407 2248 vocatur

270 2271 429 2336 Robertus
450 2273 589 2335 Tomson
612 2278 661 2336 661
681 2270 766 2335 liber
787 2278 820 2335 61
843 2270 938 2335 liberi
953 2271 1023 2355 [aio]
1039 2270 1238 2335 condicionis
1260 2291 1296 2334 ac
1311 2269 1407 2334 liberi

269 2363 374 2421 status
396 2364 429 2422 61
450 2378 516 2421 666
538 2357 669 2422 nativus
684 2357 765 2421 dicti
779 2358 904 2422 domini
919 2359 1047 2423 Prioria.
1058 2395 1102 2404 --
1112 2357 1297 2421 Willalmus
1315 2357 1407 2421 Gilet

270 2444 357 2526 cepit
368 2444 381 2527 j
399 2464 485 2522 mes,
499 2465 544 2507 xx
560 2464 647 2509 acras
669 2449 762 2509 tarrae
785 2445 901 2508 ultimo
920 2444 955 2507 in
977 2451 1093 2510 tenura
1114 2443 1229 2508 Aliciae
1244 2444 1407 2528 Huntyng

271 2531 351 2614 [186.
369 2531 432 2615 41]
445 2555 452 2594 z
467 2535 500 2595 et
513 2531 547 2614 vj
564 2551 652 2595 acras
667 2531 706 2594 (16
721 2531 752 2596 16
765 2531 898 2615 leyland
913 2530 1212 2616 [26.81.];1(61>661.
1229 2531 1406 2596 61166661.

271 2617 312 2681 61
326 2617 529 2682 voluntatem
543 2617 674 2681 domini.
691 2655 703 2666 -
720 2655 732 2666 ·

317 2793 407 2855 1376.
439 2789 628 2874 II.—Apud
659 2789 772 2873 Acley,
802 2791 855 2854 dia
891 2791 1009 2856 Martis
1045 2812 1135 2875 prom
1173 2796 1248 2856 6616
1284 2790 1407 2855 festum

271 2878 300 2942 S.
317 2877 489 2942 Michaelis
505 2877 573 2960 [661
590 2879 690 2940 stated
700 2878 768 2941 6616
781 2878 1014 2962 6666666661]

313 2965 434 3028 Aoum.
500 2965 597 3028 Terra
626 2963 785 3029 Willelmi
822 2965 978 3049 Reuegill.
1044 2964 1140 3029 Terra
1168 2983 1241 3047 quae
1270 2970 1407 3028 vocatur

270 3051 511 3134 Reuegill-land
534 3051 680 3115 continet
701 3051 769 3134 xxij
786 3071 875 3116 acras
897 3059 989 3116 terrae
1011 3072 1084 3135 quae
1106 3056 1258 3115 tenentur
1271 3051 1406 3114 reddere

270 3138 425 3201 scaccario
450 3143 493 3202 36.
515 3158 545 3220 p.
569 3157 596 3202 a.
618 3158 676 3221 pro
697 3137 875 3203 cariacicne
896 3138 1005 3203 molar’
1026 3138 1075 3202 ob’
1098 3143 1131 3202 61
1152 3137 1280 3200 1666611
1300 3158 1406 3200 unum

270 3223 434 3287 hominem
455 3224 496 3288 ad
519 3229 671 3308 stagnum
693 3228 726 3288 61
746 3225 848 3308 met'j
865 3225 918 3289 die
932 3246 1007 3290 cum
1029 3224 1160 3289 homine
1176 3228 1209 3288 61
1223 3224 1302 3287 facit
1316 3243 1405 3287 sum-

270 3309 465 3374 moniciones
491 3317 524 3374 et
550 3310 697 3394 sequitur
726 3310 905 3393 placitaret
930 3313 1030 3376 molet
1055 3311 1097 3376 ad
1121 3310 1180 3394 xiij
1205 3330 1261 3374 666
1289 3317 1322 3374 61
1347 3309 1406 3374 (161

270 3395 388 3458 merch'
403 3401 436 3459 61
459 3397 589 3473 auxilia,
611 3396 698 3461 unda
712 3397 898 3462 Willelmus
920 3399 990 3462 Yut
1012 3398 1091 3462 dicit
1113 3397 1201 3481 quod
1221 3397 1291 3480 ipsc
1314 3402 1406 3460 tenet

269 3481 317 3565 iiij
334 3502 423 3546 acras
444 3486 536 3546 terrae
556 3483 596 3548 de
610 3483 661 3567 pd
677 3488 770 3548 terra.
813 3484 999 3549 Willelmus
1013 3484 1067 3548 del
1081 3485 1237 3548 Neuhous
1252 3489 1342 3547 16661
1355 3483 1403 3566 xij

269 3589 358 3633 acras
380 3574 472 3634 terrae
486 3574 524 3633 61
538 3568 626 3646 (11611,
641 3570 797 3635 Ricardua
813 3569 852 3635 da
868 3571 1025 3636 Hewcrth
1040 3572 1075 3655 iij
1092 3591 1181 3635 acras
1203 3570 1406 3646 1666661111-

267 3656 385 3722 lelmus
400 3656 558 3721 Randolfa
573 3661 607 3721 61
620 3656 769 3720 dominus
784 3657 875 3722 Prior
889 3662 979 3722 tenet
993 3658 1061 3742 [sic]
1077 3657 1112 3741 iij
1130 3677 1218 3722 acras
1233 3662 1333 3721 terrae.

312 3744 411 3808 Fani.
454 3742 639 3807 Willelmus
648 3743 735 3807 filius
747 3743 896 3827 Hugonis
905 3744 992 3829 cepit
1001 3751 1105 3808 totam
1113 3749 1261 3808 tenuram
1270 3743 1405 3807 Rcberti

268 3830 328 3893 Tot
339 3830 416 3912 quia
431 3830 604 3913 impotens:
620 3829 758 3894 haband.
768 3831 937 3895 61166661.
950 3831 992 3895 ad
1008 3830 1246 3914 [“voluntatcm
1257 3829 1382 3894 domini
1388 3830 1405 3856 ''

269 3935 309 3977 ca
324 3936 368 3977 aa
382 3917 517 4000 6666666]
532 3916 619 3980 redd.
634 3937 665 4001 p.
681 3936 707 3980 a
727 3921 793 3980 10s.
808 3918 895 4000 quod
910 3919 981 4002 [sic]
995 3917 1084 4002 prius
1100 3917 1240 3982 reddidit
1258 3921 1322 3981 136.
1339 3954 1352 3965 -
1367 3954 1382 3965 -

312 4000 531 4066 Ρ666666666.
576 4003 627 4067 Ι)6
649 4002 799 4069 Jchanne
822 4004 980 4068 Punchon
1002 4005 1079 4088 quia
1101 4024 1169 4068 non
1190 4004 1300 4068 debite
1321 4024 1403 4087 prae-

266 4085 408 4148 munivit
429 4091 576 4152 tenentes
600 4089 727 4152 ascend'
749 4090 791 4153 61
815 4089 959 4155 Halmot'
986 4097 1083 4174 prout
1106 4109 1217 4155 omnes
1242 4095 1405 4154 testantur

271 4170 340 4235 121.
385 4171 548 4236 Dimissio.
593 4173 749 4240 Redditus
765 4176 804 4240 de
827 4197 919 4242 novo.
963 4177 1130 4242 Johannea
1152 4177 1192 4241 de
1214 4177 1299 4258 Fery
1312 4177 1405 4240 venit

266 4258 320 4322 hic
331 4256 367 4319 in
378 4258 467 4321 curia
481 4264 514 4322 61
529 4259 615 4341 cepit
625 4280 723 4324 unam
738 4263 881 4344 placeam
893 4269 1020 4328 vastam
1034 4269 1067 4329 et
1076 4283 1175 4326 unam
1190 4283 1297 4326 acram
1312 4268 1404 4328 terrae

266 4344 428 4428 quondam
443 4345 479 4407 in
494 4349 608 4409 tenura
629 4346 778 4431 Hugonis
793 4350 833 4414 16
848 4351 1026 4436 Pityngton
1041 4371 1114 4434 quae
1135 4371 1201 4414 non
1215 4350 1405 4414 inseruntur

265 4433 300 4496 in
315 4431 446 4496 Rentali
460 4436 498 4496 ut
512 4432 647 4497 dicitur:
661 4434 798 4500 haband.
814 4443 848 4501 et
861 4438 989 4502 tenend.
1006 4437 1047 4501 ad
1061 4437 1264 4502 voluntatem
1279 4435 1404 4500 domini

265 4520 318 4584 vel
332 4537 498 4603 quousque
510 4520 593 4585 alius
604 4522 729 4585 venerit
738 4522 796 4605 qui
806 4523 880 4605 plus
892 4523 967 4588 dare
978 4524 1135 4589 voluerit:
1149 4523 1236 4590 redd.
1246 4544 1276 4607 p.
1289 4544 1315 4587 a.
1331 4522 1402 4588 121.

266 4625 338 4686 quae
353 4607 442 4688 prius
456 4605 665 4670 reddiderunt
683 4614 726 4671 2s.
743 4644 755 4654 ·
772 4645 785 4656 ·
