3278 5204
182 583 279 647 'tatu
448 595 608 646 nemori
623 593 805 645 errorores
821 595 1062 648 ommnurusrs.
1285 592 1325 650 79

180 755 330 820 iecerunt
351 755 382 818 le
404 753 605 819 Wetherlrot’
627 756 723 836 prout
751 752 792 817 al’
817 754 954 838 injunct’
975 756 1110 821 fuerunt
1138 758 1201 822 sub
1229 777 1326 841 poena

187 847 263 918 20s.‚
278 861 320 906 ex
334 841 442 925 gracia
458 840 529 905 lod

228 928 449 992 Wonunsror.
494 925 613 991 Occilia
634 925 687 989 del
706 925 786 991 Pell'
800 927 892 991 venit
913 927 950 990 in
970 929 1036 992 cur’
1059 933 1092 994 et
1113 929 1201 1013 cepit
1221 951 1325 996 unum

186 1014 349 1098 cotagium
362 1014 449 1098 quod
463 1015 486 1080 J
488 1013 630 1077 ohannes
645 1012 805 1097 Shephird
816 1014 906 1096 prius
920 1016 1028 1079 tenuit
1042 1022 1075 1080 et
1092 1016 1179 1100 quod
1193 1023 1326 1101 captum

187 1105 238 1164 est
251 1101 289 1163 in
303 1121 403 1164 manu
418 1099 489 1184 [aio]
503 1099 639 1163 Domini
653 1119 690 1163 oo
704 1099 792 1182 quod
806 1099 939 1165 recessit
952 1137 967 1148 -
983 1137 997 1150 ·

233 1187 377 1252 Dounon,
433 1187 614 1270 Mergareta
636 1205 719 1250 uxor
742 1185 882 1250 Gilberti
907 1185 967 1250 filii
990 1187 1151 1254 Johcnnis
1176 1191 1267 1254 venit
1292 1198 1326 1255 et

187 1274 276 1356 cepit
304 1293 406 1337 unum
435 1272 634 1356 bondaginm
659 1292 734 1336 cum
759 1277 844 1336 terra
868 1277 903 1336 et
926 1273 999 1338 aliis
1024 1274 1232 1358 pertinenciis
1256 1277 1326 1342 sine

187 1359 287 1423 stuffo
308 1359 395 1444 quod
416 1360 575 1424 Robertus
597 1358 638 1422 de
660 1358 838 1423 Oleneland
859 1359 967 1424 tenuit
987 1365 1021 1425 et
1035 1381 1164 1426 sursum
1184 1363 1327 1429 reddidit

123 1471 127 1478 ·
188 1452 319 1529 propter
347 1446 594 1529 impotenciam:
627 1443 763 1509 habend’
778 1482 793 1494 ·
807 1481 822 1492 -
837 1445 879 1509 ed
901 1450 992 1511 term
1018 1448 1097 1514 vitae
1122 1469 1208 1513 suae:
1238 1451 1324 1517 redd

188 1533 358 1616 antiquam
380 1533 505 1596 firmam
531 1537 564 1596 et
585 1530 733 1596 faciendo
755 1531 891 1616 antiqua
912 1533 1049 1599 servicia
1063 1571 1078 1582 -
1092 1535 1165 1599 -Et
1190 1534 1247 1600 dat
1267 1556 1326 1621 pro

187 1619 332 1702 gres'm'a
369 1624 435 1683 trs.
468 1619 518 1683 ld.
534 1655 548 1667 -
562 1618 635 1681 -Et
670 1616 775 1682 solvet
807 1618 994 1702 praediotem
1028 1621 1205 1704 gres'm'em
1241 1623 1327 1687 infra

188 1711 328 1788 quatuor
340 1724 450 1772 *annos
471 1704 560 1788 prox'
582 1704 708 1768 futuros
723 1740 737 1752 ·
751 1705 1080 1770 --Memorandum
1101 1707 1142 1772 de
1162 1728 1228 1772 uno
1243 1729 1327 1792 equo

189 1791 291 1875 precii
307 1797 361 1868 83,
371 1791 394 1875 ij
410 1792 512 1856 bobus
526 1790 627 1872 precii
643 1796 708 1855 20s.
723 1795 757 1854 et
771 1811 794 1853 x
809 1791 891 1855 33313
905 1792 1069 1870 frumenti,
1084 1813 1106 1856 x
1121 1795 1202 1858 33313
1217 1794 1277 1877 pis'
1292 1801 1326 1860 et

189 1879 282 1942 aven'
311 1878 351 1942 de
376 1877 474 1942 stuffo
502 1877 635 1942 Roberti
664 1877 705 1941 de
729 1877 887 1942 Oleuland
915 1898 1014 1961 quam
1039 1878 1220 1962 Mergoreta
1245 1900 1327 1945 uxor

190 1964 331 2028 Gilberti
345 1963 405 2026 filii
419 1966 442 2030 J
444 1963 579 2028 ohannis
602 1962 697 2027 modo
718 1964 813 2047 cepit,
828 1983 901 2047 qnae
922 1965 1048 2029 suntin
1063 1985 1163 2030 manu
1183 1967 1327 2032 Domini

190 2051 405 2114 —Robertus
426 2049 619 2114 Mareashall
633 2050 726 2114 venit
746 2050 783 2112 in
804 2052 869 2114 our'
892 2055 925 2115 et
940 2051 1027 2135 oepit
1040 2071 1143 2115 unum
1164 2054 1327 2137 cotagium

189 2137 279 2219 quod
292 2136 400 2200 Adam
421 2135 508 2200 filius
529 2137 661 2200 Roberti
682 2136 772 2219 prius
792 2136 900 2202 tenuit
921 2142 955 2202 et
976 2157 1104 2202 sursum
1125 2139 1265 2204 reddidit
1287 2140 1328 2203 ad

190 2243 273 2305 opus
293 2223 397 2306 ipsius
418 2223 552 2286 Roberti
573 2221 781 2287 Maresshall:
806 2223 944 2288 habend'
966 2229 999 2288 et
1013 2224 1140 2288 tenend’
1162 2246 1264 2310 usqne
1285 2227 1328 2291 ad

190 2309 320 2392 plenam
330 2313 458 2374 aetatem
472 2308 607 2374 haeredis
622 2308 752 2374 Thomae
764 2309 804 2374 de
814 2311 899 2394 Fery
908 2311 999 2394 cujus
1010 2311 1105 2374 werd*
1117 2317 1167 2378 est
1177 2313 1213 2376 in
1228 2333 1328 2378 manu

190 2395 347 2460 Domini:
367 2395 453 2460 redd.
469 2395 636 2479 antiquam
651 2397 776 2460 firmem
791 2401 825 2460 et
846 2397 993 2461 faciendo
1008 2398 1149 2462 Domino
1164 2406 1197 2464 ct
1211 2399 1328 2464 vicinis
1409 2415 1412 2420 ·

191 2501 265 2565 quae
293 2482 517 2546 incumbunt·
532 2518 546 2530 ·
603 2482 647 2545 Et
676 2483 733 2546 dat
761 2502 819 2566 pro
848 2483 993 2566 gres'm'a
1023 2484 1328 2551 lod—Gilbertus

190 2568 279 2632 iilius
302 2568 463 2632 Johannis
492 2568 579 2651 cepit
603 2568 742 2633 salinam
769 2569 988 2652 pertinentem
1017 2571 1059 2635 ad
1083 2575 1202 2636 terrem
1230 2593 1328 2654 quam

191 2654 374 2738 Mergareta
387 2674 468 2718 uxor
483 2655 553 2737 ejus
567 2655 671 2737 cepit:
692 2655 829 2719 habend'
844 2661 877 2720 et
891 2656 1020 2720 tenend'
1034 2677 1138 2740 usque
1152 2658 1194 2722 ad
1208 2658 1329 2723 festum

191 2741 400 2805 Inventionis
421 2742 451 2805 S.
468 2741 580 2806 Crucis
602 2761 690 2825 prox.
706 2742 872 2808 futuruma
897 2743 982 2809 redd
1004 2763 1108 2807 unum
1130 2746 1327 2828 quarterium

191 2827 278 2892 salis.
289 2862 334 2874 —
344 2827 534 2910 Injunetum
553 2835 603 2892 est
624 2829 647 2893 J
648 2827 769 2892 ohanni
783 2827 881 2893 Ohild
898 2829 1032 2894 messori
1045 2829 1132 2912 quod
1154 2835 1329 2912 praesentet

191 2913 246 2977 hio
272 2913 314 2977 ad
342 2915 430 2997 prox’
456 2914 588 2979 nomina
612 2933 723 2978 eorum
752 2914 810 2997 qui
836 2915 1026 2999 colligenmt
1050 2915 1159 2979 lanam
1187 2915 1273 2979 infra
1298 2915 1329 2980 le

191 2999 313 3064 Holme
339 3020 476 3084 qnorum
498 3000 634 3084 pignora
658 3006 825 3066 remanent
846 3021 959 3066 versus
985 3021 1060 3065 eum
1085 3006 1123 3064 ut
1148 3000 1330 3066 dicitur.—

192 3086 382 3169 Injunotum
413 3092 463 3151 est
492 3087 642 3151 omnibus
671 3087 856 3152 tenentibus
882 3088 922 3152 de
946 3087 1080 3170 Ooupon
1109 3107 1151 3151 ne
1175 3087 1240 3170 ipsi
1269 3107 1328 3152 nec

190 3173 366 3237 servientes
390 3173 442 3236 sui
464 3172 588 3238 intrent
608 3173 693 3237 infra
714 3172 746 3237 le
768 3173 888 3239 Holme
910 3175 1064 3256 prolana
1088 3173 1330 3257 colligenda-

191 3259 359 3323 Gilbertus
373 3260 567 3340 Jenkynson
578 3259 698 3324 electus
710 3260 807 3324 estin
820 3260 1028 3344 praepositum
1039 3266 1073 3325 et
1083 3260 1188 3344 jurav'
1200 3261 1241 3324 ad
1251 3261 1330 3326 faci—

190 3345 313 3410 endum
327 3345 413 3428 quod
427 3346 469 3409 ad
484 3345 624 3410 officium
638 3346 803 3429 praepositi
816 3346 964 3429 pertinet.

235 3432 540 3496 Necron-Brinno.
604 3433 799 3497 Ordinatum
835 3440 885 3497 est
920 3453 961 3497 ex
998 3434 1162 3498 communi
1197 3453 1330 3499 assensn

189 3518 341 3582 omnibus
363 3519 593 3583 braciatoribus
615 3518 874 3602 quod'vendand.
896 3519 967 3602 [sic]
983 3521 1151 3585 cervisiam
1168 3526 1237 3585 tam
1252 3520 1329 3584 hue

191 3605 288 3670 band'
311 3625 409 3688 quam
431 3605 503 3669 aliis
526 3605 587 3669 sub
608 3624 704 3687 poena
727 3605 916 3670 lod—De
938 3605 1103 3672 Willelmo
1125 3607 1275 3690 Raynald
1297 3611 1330 3671 et

191 3691 340 3757 Gilberto
355 3691 423 3754 filio
435 3691 553 3776 Rogeri
563 3696 596 3756 et
606 3693 629 3757 J
631 3693 756 3756 ohanne
769 3692 839 3776 [cio]
855 3712 954 3757 uxore
966 3693 1036 3775 ejus
1047 3694 1132 3758 exec'
1143 3693 1331 3757 testamenti

190 3780 214 3844 J
215 3778 355 3842 ohannis
365 3777 475 3842 Nicoll
484 3777 561 3861 quia
571 3798 638 3841 non
649 3778 887 3843 aedificavenmt
897 3799 1000 3843 unum
1009 3785 1232 3844 tenementum
1244 3778 1330 3860 quod

188 3865 292 3929 iidem
321 3864 482 3930 Johannis
511 3869 545 3930 et
569 3864 754 3930 Willelmus
783 3871 938 3949 ceperunt
966 3865 1007 3929 ad
1036 3863 1261 3929 aedificandum
1290 3865 1330 3929 de

190 3951 302 4016 valore
316 3950 541 4016 aedifioecionis
556 3956 652 4034 prout
666 3959 866 4034 compertum
880 3957 930 4017 est
943 3972 1000 4035 per
1010 3951 1084 4034 jur',
1100 3955 1165 4015 533.
1182 3950 1232 4015 4d.

235 4038 481 4103 WALLnsnnnn.
526 4039 578 4103 De
592 4037 759 4102 Willelmo
773 4038 848 4102 Belt
862 4039 940 4122 quia
954 4058 1020 4102 non
1034 4037 1195 4121 reparavit
1206 4038 1220 4122 j
1236 4057 1331 4122 gran-

189 4125 278 4208 giam
293 4125 350 4207 etj
367 4124 529 4208 octagium
543 4144 640 4207 snper
654 4125 830 4189 dominicas
845 4131 945 4190 terras
963 4125 1034 4190 1231.

235 4211 440 4276 Hnworrrrs.
484 4212 536 4275 De
547 4213 570 4277 J
571 4211 698 4275 ohanne
713 4211 752 4275 de
764 4211 925 4276 Schaffeld
939 4231 998 4293 pro
1012 4211 1185 4276 moleribns
1202 4211 1332 4296 [altered

188 4303 220 4361 to
230 4297 420 4382 molaribus]
432 4297 565 4362 lucratis
579 4297 664 4361 infra
675 4297 780 4362 solum
794 4297 930 4363 Domini
940 4297 1094 4382 Episcopi
1102 4299 1230 4363 curiatis
1245 4298 1331 4362 ultra

190 4383 298 4448 solum
312 4384 447 4449 Domini
462 4384 582 4448 Prioris
597 4384 637 4449 de
651 4383 715 4448 fine
730 4404 787 4448 sue
810 4384 880 4468 [sic]
902 4405 960 4468 pro
980 4391 1049 4450 toto
1064 4391 1207 4468 tempore
1222 4384 1331 4466 elapso

192 4476 237 4535 ts.
298 4471 356 4554 [Ia
377 4473 540 4553 marpiru:
569 4470 734 4536 Dimissio.
755 4470 913 4535 Redditus
935 4470 976 4536 de
996 4471 1102 4554 noro]
1159 4471 1252 4535 Idem
1274 4470 1297 4534 J
1298 4489 1331 4532 o-

190 4555 315 4622 hannes
330 4557 429 4622 habet
449 4557 619 4623 licenciam
633 4556 777 4622 canendi
798 4557 952 4642 praedicta
974 4558 1105 4623 moleria
1119 4557 1204 4620 ultra
1226 4554 1331 4620 solum

190 4643 327 4708 Domini
348 4644 467 4711 Priorie
487 4665 552 4729 pro.
567 4651 710 4728 tempore
725 4664 790 4728 quo
812 4645 862 4709 uti
877 4645 1035 4710 voluerit:
1056 4644 1142 4710 redd.
1164 4662 1194 4725 p.
1218 4661 1244 4707 3.
1270 4647 1332 4706 ts:
