3278 5204
290 583 351 643 111
548 593 707 642 HALMOTA
721 591 903 642 ratoaarus
917 592 1157 641 Dununmsrlsls
1329 579 1421 641 1372.

288 751 419 814 Thomae
444 749 593 816 Wilson:
616 749 755 814 habend’
770 787 785 798 -
800 787 814 800 ·
829 749 870 813 ad
893 757 984 814 term.
1010 749 1087 814 vitae
1114 768 1199 813 suae:
1224 747 1310 812 redd
1336 769 1366 831 p.
1393 768 1421 812 a

287 837 422 921 antiqua
436 837 572 902 servicia
585 842 619 903 et
633 857 730 920 opero
744 841 777 901 et
791 840 960 920 argentum
973 836 1099 900 terrarii
1118 836 1202 900 sicut
1216 834 1274 899 alii
1287 834 1422 917 bondag’

289 923 413 988 solvere
427 930 462 988 et
476 924 580 989 faeere
595 928 839 988 consueverunt.
883 923 971 1007 Pleg'
986 923 1027 986 de
1041 921 1122 986 firm'
1138 927 1171 986 et
1186 922 1335 986 omnibus
1350 921 1423 984 aliis

286 1030 360 1095 quae
381 1011 575 1075 incumbunt
590 1047 603 1060 ·
618 1047 632 1060 ·
647 1011 691 1074 Et
713 1010 769 1074 det
792 1029 850 1093 pm
870 1011 1005 1094 gres’ma
1029 1014 1112 1074 los:
1134 1009 1239 1073 solvet
1259 1008 1295 1071 in
1316 1009 1422 1091 primo

287 1117 381 1162 anno.
390 1097 536 1161 -Idem
550 1097 688 1160 Thomas
704 1133 717 1146 ·
732 1134 746 1147 ·
761 1097 849 1179 cepit
862 1116 965 1159 unum
980 1096 1068 1160 aliud
1078 1095 1275 1178 bondagium
1289 1095 1330 1158 ad
1341 1093 1421 1158 firm’

288 1183 394 1248 denar'
424 1184 510 1267 quod
539 1183 655 1248 ultimo
683 1183 719 1246 in
743 1187 860 1247 11111111
885 1182 1015 1247 Ricardi
1040 1183 1148 1266 Gray:
1169 1180 1305 1246 habend’
1322 1181 1422 1244 --ad

288 1275 380 1334 term
396 1269 472 1334 vitae
492 1289 578 1334 suae:
600 1269 686 1334 redd.
710 1269 866 1334 scaccario
888 1269 1008 1333 Prioris
1030 1268 1182 1332 Dunelm’
1197 1289 1227 1352 p.
1243 1287 1269 1332 a
1287 1272 1353 1330 331.
1370 1266 1421 1331 ld

289 1357 376 1439 quod
389 1357 480 1439 prius
495 1355 637 1420 reddidit
652 1361 717 1420 30s.
733 1360 767 1420 11
787 1362 956 1440 argentum
978 1356 1121 1420 terrarii:
1143 1361 1176 1419 et
1197 1355 1256 1418 fao’
1278 1353 1422 1418 Domino

289 1449 323 1506 et
337 1441 453 1507 vicinis
468 1463 540 1526 quae
553 1441 756 1507 incumbunt
800 1441 889 1526 Pleg'
904 1441 944 1506 de
958 1442 1039 1506 firm’
1049 1447 1082 1506 et
1097 1441 1245 1506 omnibus
1260 1479 1271 1489 -
1286 1477 1297 1488 ·
1311 1441 1355 1505 Et
1365 1441 1422 1505 det

288 1549 346 1612 pro
357 1529 491 1612 gres’ma
508 1534 590 1594 los:
612 1528 717 1593 solvet
731 1528 767 1592 in
781 1528 922 1593 secundo
937 1549 1029 1594 anno.

333 1616 563 1680 anrssrorrs.
607 1616 659 1680 De
673 1614 780 1679 Adam
796 1614 849 1679 del
863 1615 982 1680 Vikers
1003 1614 1080 1699 quia
1101 1614 1171 1698 ipse
1193 1618 1227 1678 11
1248 1634 1329 1678 uxor
1350 1613 1421 1697 ejus

288 1701 462 1766 noluerunt
482 1707 588 1768 tacere
609 1722 650 1766 ex
672 1707 832 1784 praecepto
854 1701 1048 1766 seneschalli
1069 1721 1107 1766 ac
1125 1700 1251 1765 terrarii
1272 1701 1309 1764 in
1331 1700 1422 1764 curia

289 1793 385 1871 prout
398 1788 583 1872 injunctum
597 1788 662 1852 fuit
675 1788 722 1852 eis
739 1787 780 1852 de
802 1808 898 1871 poena
921 1794 987 1852 20s.
1031 1787 1222 1870 Injuuctum
1244 1793 1295 1851 est
1315 1786 1419 1851 cidem

288 1874 371 1939 Adae
384 1874 472 1958 quod
486 1875 625 1959 reparari
640 1875 738 1940 iaciat
751 1879 938 1939 tenemento
952 1895 1011 1939 sua
1025 1873 1065 1938 de
1086 1880 1235 1958 proparte
1257 1893 1316 1938 sua
1336 1873 1423 1936 infra

289 1980 412 2110 annrlum
426 1961 484 2045 qui
497 1961 620 2046 incepit
634 1961 675 2026 ad
690 1961 825 2026 tercium
840 1966 973 2026 turnum
987 1981 1072 2025 anuo
1093 1961 1178 2044 lxxj⁰
1193 1961 1254 2025 sub
1268 1980 1365 2044 poena
1378 1959 1426 2024 di.

291 2067 361 2112 mar
386 2068 420 2112 ae.

290 2305 317 2368 L
337 2222 398 2285 137
399 2226 428 2369 ἒ
453 2220 645 2304 II.-Apud
661 2221 867 2307 Billingham
911 2221 975 2288 Die
991 2222 1107 2286 Martis
1121 2242 1152 2305 p.
1164 2225 1237 2304 post
1251 2220 1370 2284 festum
1394 2219 1424 2284 S.

317 2325 385 2369 uoae
429 2326 529 2390 weng.

332 2391 638 2458 Necron-Karnos.
697 2394 860 2460 Walterus
905 2394 1067 2479 Bischopp
1104 2399 1138 2458 et
1175 2391 1331 2458 Ricardus
1370 2391 1425 2456 del

290 2477 324 2541 N
325 2483 423 2543 auton
434 2479 504 2561 jur'.
549 2479 583 2543 N
582 2479 663 2544 ichil
676 2487 879 2565 praesentant.

332 2565 453 2630 Acnnr.
500 2565 643 2650 [Several
657 2587 790 2650 persons
804 2567 950 2633 ameroed
965 2567 1014 2632 for
1027 2572 1202 2651 trespasses
1214 2565 1250 2629 in
1264 2565 1319 2630 the
1333 2565 1426 2648 park,

290 2651 407 2736 during
420 2657 521 2718 terme
542 2652 579 2717 oi
597 2653 679 2717 from
701 2653 792 2720 three
814 2660 848 2719 to
870 2659 995 2738 twenty
1009 2675 1112 2738 years,
1126 2654 1187 2718 but
1201 2653 1257 2717 the
1271 2652 1424 2717 amercia-

291 2745 397 2804 ments
412 2739 548 2824 ranging
561 2739 644 2827 from
661 2741 711 2806 6d.
727 2747 761 2806 to
779 2740 850 2805 lad
865 2741 969 2826 only.]

335 2826 470 2892 Saeuus.
513 2827 565 2890 De
594 2827 744 2892 omnibus
772 2827 1001 2892 brasiatoribue
1030 2826 1118 2890 villae
1147 2827 1224 2910 quia
1252 2826 1426 2889 noluerunt

290 2911 429 2977 vendere
443 2913 612 2978 cervisiam
627 2917 718 2978 extra
732 2914 866 2978 domum
883 2914 963 2978 dum
983 2914 1106 2978 habent
1126 2913 1219 2990 infra,
1234 2918 1330 2996 prout
1344 2931 1425 2996 pras·

290 3004 454 3063 sertatum
469 3005 518 3064 est
531 3021 589 3085 per
599 3000 671 3084 jur’,
685 3007 719 3064 et
733 3001 810 3084 quia
823 3001 971 3066 vendunt
991 3001 1139 3084 lagenam
1161 2999 1305 3064 cervisiae
1320 2998 1426 3062 carius

291 3104 389 3166 quam
403 3104 461 3169 pro
479 3087 527 3150 ld.
539 3125 582 3135 -
593 3087 674 3151 Dies
689 3087 784 3152 datus
807 3093 857 3152 est
873 3087 936 3171 jur'
952 3087 1039 3171 quod
1053 3086 1186 3151 videant
1200 3087 1223 3169 ij
1239 3090 1427 3149 tenemento

291 3170 328 3234 in
348 3178 464 3237 tenura
485 3173 620 3237 Walteri
641 3173 731 3237 Yoill
753 3173 790 3237 in
813 3179 972 3257 quantum
994 3174 1228 3238 deteriorantur
1248 3171 1284 3235 in
1310 3177 1427 3236 tenura

291 3257 343 3340 pd
369 3258 771 3342 Walteri.-Injunctum
796 3265 846 3324 est
871 3261 1034 3326 executori
1059 3259 1196 3324 Walteri
1220 3257 1310 3324 Ycill
1340 3257 1428 3342 quod

290 3344 430 3426 reparari
454 3344 553 3408 faciat
577 3350 822 3411 1111111111-
835 3346 976 3412 Isabella
1001 3346 1091 3410 Yoill
1117 3346 1203 3430 cepit
1224 3346 1238 3428 j
1262 3345 1427 3429 octagium

291 3428 408 3494 ultimo
426 3429 462 3492 in
483 3435 598 3494 tenura
612 3431 749 3496 Walteri
765 3433 852 3496 Ycill
873 3433 914 3497 ad
936 3434 1034 3498 finem
1048 3433 1155 3497 villae:
1176 3431 1310 3497 haband.
1327 3469 1340 3479 -
1356 3468 1368 3480 -
1384 3431 1427 3495 ad

290 3522 382 3580 term.
404 3515 481 3580 vitae
502 3535 586 3580 suae:
607 3517 693 3582 redd.
709 3538 740 3601 p.
756 3539 782 3583 1.
802 3519 872 3583 18d.
895 3520 982 3602 quod
1003 3519 1094 3604 prius
1115 3519 1257 3584 reddidit
1282 3517 1352 3582 1211.
1376 3554 1388 3566 -
1414 3554 1426 3566 -

291 3603 335 3666 Et
349 3602 406 3666 dat
420 3623 477 3686 pro
491 3603 625 3687 gres’ma
641 3604 733 3684 aod.;
755 3605 955 3670 condonatur
975 3627 1032 3689 per
1046 3607 1222 3670 terrarium.
1266 3606 1310 3668 Et
1323 3605 1427 3668 eciam

290 3689 343 3773 pd.
359 3689 499 3755 Isubella
514 3691 601 3774 cepit
615 3690 705 3755 aliud
719 3691 880 3776 cotagium
902 3692 1019 3757 ultimo
1034 3691 1070 3757 in
1085 3699 1199 3757 tenura
1212 3692 1265 3775 pd.
1280 3691 1428 3768 Walteri,

290 3777 453 3860 quondam
468 3779 505 3842 in
518 3784 635 3842 tenura
651 3778 733 3843 Adae
754 3779 794 3843 de
816 3779 953 3855 Harton,
975 3779 1112 3844 habend’
1128 3817 1141 3828 ·
1157 3816 1169 3828 -
1185 3779 1227 3843 ad
1241 3784 1331 3843 term
1348 3778 1427 3842 vitae

290 3883 365 3939 suae,
379 3865 467 3931 redd.
482 3886 511 3949 p.
528 3886 555 3930 1.
574 3865 644 3929 lad.
661 3870 758 3949 prout
772 3865 862 3949 prius
877 3865 1026 3930 reddidit.
1073 3866 1217 3931 Gres’ma
1234 3872 1278 3929 2s.

334 3951 578 4016 Wmnnsnnun.
617 3952 807 4036 Injunotum
823 3957 872 4016 est
887 3952 1037 4016 omnibus
1051 3953 1237 4017 tenentibus
1252 3951 1339 4035 quod
1354 3951 1426 4034 qui-

289 4034 371 4098 libet
384 4057 494 4100 eorum
509 4039 649 4120 reparari
662 4039 785 4104 faciant
795 4044 982 4103 tenemento
996 4059 1055 4104 sue
1070 4038 1151 4103 citra
1164 4039 1283 4102 festum
1299 4038 1373 4101 Pur.
1390 4037 1426 4102 B.

291 4119 337 4183 Μ.
348 4125 385 4183 ut
395 4122 431 4184 in
441 4122 589 4206 pluribus
605 4124 770 4189 Halmotis
781 4126 842 4189 sub
855 4145 951 4208 poena
962 4125 1003 4189 di.
1015 4146 1147 4190 mercae:
1169 4124 1214 4187 Et
1225 4124 1328 4188 eciam
1339 4123 1427 4207 quod

290 4206 402 4289 reponi
411 4207 531 4272 faciant
540 4210 728 4274 meremium
737 4233 777 4276 ex
786 4211 963 4276 donacione
972 4210 1298 4276 terrariiindomibus
1307 4230 1427 4274 eorum.

333 4292 483 4357 Jnaown.
528 4293 641 4358 Simon
661 4296 800 4360 Yardolf
819 4334 860 4347 --
883 4300 970 4383 cepit
989 4300 1003 4382 j
1027 4298 1190 4382 cotagium
1211 4302 1245 4361 et
1266 4297 1312 4378 xij
1337 4316 1427 4360 acras

288 4383 381 4444 terrae
396 4399 468 4462 quae
483 4380 505 4443 J
507 4378 649 4445 ohannes
666 4380 806 4465 Allyson
827 4385 934 4449 tenuit
955 4384 996 4448 ad
1010 4385 1213 4449 voluntatem
1234 4383 1371 4447 Domini
1393 4388 1428 4447 et

289 4486 418 4531 sursum
432 4465 574 4531 reddidit
588 4467 629 4531 ad
643 4487 724 4551 opus
738 4469 844 4554 ipsius
864 4470 1023 4536 Simonis:
1045 4470 1183 4535 habend’
1199 4506 1211 4518 ·
1228 4506 1240 4518 ·
1255 4470 1297 4534 ad
1310 4468 1426 4534 volun·

288 4558 390 4619 tatem
405 4553 540 4618 Domini
555 4592 568 4603 ·
584 4592 596 4603 -
612 4555 656 4618 Et
670 4554 797 4620 invenit
807 4557 821 4640 j
834 4577 940 4622 acram
952 4562 984 4622 et
996 4557 1037 4622 di.
1050 4557 1135 4622 binae
1149 4576 1268 4621 arrurae
1281 4576 1363 4639 quas
1378 4555 1425 4620 sic

289 4640 441 4706 dimittet.
480 4641 565 4726 Pleg.
585 4679 597 4691 ·
615 4679 626 4692 ·
643 4642 756 4708 Simon
767 4644 880 4730 Fyggy
891 4650 924 4709 et
931 4645 954 4710 J
956 4646 1099 4709 ohannes
1110 4643 1256 4729 Allyscn.
1288 4643 1332 4706 Et
1345 4662 1425 4727 prae-
