3224 5212
283 565 344 624 124
541 575 698 624 asmona
713 575 898 624 rmoasrus
913 575 1155 624 noumnnusrs.
1325 563 1417 626 13⁷4.

280 733 354 798 aliis
369 732 565 810 necessariis,
579 736 614 797 et
628 732 731 798 eciam
748 731 911 816 persolvet
926 733 1057 797 domino
1072 739 1107 797 et
1120 731 1237 797 vicinis
1259 734 1369 798 omnia
1384 739 1418 798 et

280 819 408 904 singula
429 839 502 903 quae
523 819 718 884 incumbunt
739 839 797 903 pro
819 819 973 904 praedieto
994 819 1164 904 bonde-gio,
1186 824 1219 884 et
1242 820 1283 883 ad
1310 821 1419 884 omnia

279 906 445 991 praemissa
467 903 605 971 fideliter
625 906 768 970 tenenda
781 912 815 972 et
828 905 1051 990 perimplenda
1064 906 1123 970 hos
1139 906 1267 970 invenit
1288 907 1419 990 fidejus·

280 1012 366 1058 sores
380 995 404 1058 J
405 993 566 1058 ohannem
580 994 746 1076 Miryman
760 999 794 1058 et
808 993 982 1058 Ricardum
996 993 1036 1057 da
1052 993 1221 1058 Monkton.

324 1081 541 1144 wonorsror.
587 1080 706 1145 Omnes
727 1084 875 1146 tenentes
889 1080 977 1144 villae
991 1085 1146 1164 oepanmt
1166 1079 1198 1144 le
1218 1079 1361 1143 Parkflat
1376 1079 1418 1143 ad

278 1167 481 1231 voluntatem
510 1165 642 1243 domini,
671 1166 813 1231 solvend'
839 1187 897 1250 pro
922 1167 1068 1250 quolibet
1092 1186 1177 1230 anno
1205 1171 1247 1231 ds.
1276 1166 1326 1231 sd.
1370 1167 1417 1250 [A
1441 1205 1443 1210 ,

279 1251 469 1338 parchment
483 1253 609 1317 marker
622 1252 772 1318 inserted.
816 1254 895 1318 Vola
909 1252 1227 1337 WastMerington]

323 1341 468 1405 Cauros.
519 1340 571 1404 De
608 1339 831 1404 Litil·Steuen.
886 1339 967 1424 [The
1000 1345 1097 1424 entry
1125 1341 1154 1404 is
1179 1338 1417 1422 unoompleted

280 1424 389 1490 Below
403 1446 457 1490 are
479 1431 544 1491 two
566 1425 704 1491 demissa
723 1431 757 1490 to
779 1427 873 1492 other
893 1447 1035 1509 persons,
1049 1447 1111 1491 one
1126 1427 1162 1490 of
1180 1426 1360 1510 abondoge
1381 1428 1418 1490 in

279 1511 530 1596 widow’s-right,
545 1511 602 1577 the
617 1513 735 1578 second
750 1513 786 1578 oi
797 1534 817 1578 a
831 1521 892 1578 oot
906 1513 971 1577 and
985 1513 1047 1577 five
1062 1513 1173 1596 sores]

323 1599 625 1664 Nno'rou-Kmrors.
670 1598 833 1665 Walterus
856 1600 1028 1684 Bisohopp‚
1050 1599 1206 1664 Rioardus
1228 1598 1361 1676 Gibson‚
1384 1606 1419 1663 et

279 1686 442 1750 Walterus
464 1686 613 1750 Mustard
624 1687 695 1770 jur'.
705 1687 808 1751 -Da
822 1686 987 1751 Willelmo
1002 1687 1100 1750 Fuler
1115 1686 1194 1769 quia
1214 1684 1317 1749 nichil
1338 1685 1419 1749 feeit

278 1773 315 1838 in
336 1772 540 1857 reparacione
561 1773 658 1837 unius
674 1774 799 1858 cotragii,
813 1773 894 1857 pleg.
909 1771 1094 1838 Willelmus
1117 1772 1192 1837 Ibbi
1210 1777 1244 1837 et
1259 1772 1418 1837 Ricardus

280 1861 404 1924 Gibson
429 1859 596 1924 od-De
616 1859 761 1925 Waltero
787 1859 952 1944 Bisohopp
977 1861 1054 1944 quia
1076 1859 1224 1943 permisit
1249 1858 1418 1923 Willelmo

277 1948 376 2012 Fuler
389 1965 570 2011 ammovere
584 1946 630 2030 xij
646 1952 728 2011 stots
743 1950 776 2012 et
791 1947 895 2030 quis
910 1953 945 2011 et
958 1947 1066 2010 omnia
1079 1947 1164 2010 bona
1178 1950 1211 2009 et
1226 1945 1350 2010 catalla

321 2034 494 2098 wnsr-M’.
539 2033 728 2117 Injunetum
757 2039 809 2097 'est
836 2032 959 2098 villatis
989 2033 1029 2098 de
1058 2034 1150 2116 Fery,
1171 2032 1302 2108 Est-M’,
1328 2031 1419 2095 Mid-

280 2121 325 2183 M’
348 2124 381 2185 et
394 2119 550 2184 WestM’
572 2119 659 2203 quod
679 2141 746 2184 non
767 2118 891 2184 molent
912 2119 992 2184 alibi
1012 2140 1110 2203 quam
1131 2119 1172 2184 ad
1194 2119 1418 2182 molendinum

278 2206 463 2270 domini-
474 2205 663 2288 lnjunotum
679 2213 729 2271 est
743 2207 815 2271 istis
827 2205 951 2272 villatis
962 2212 1078 2290 praeter
1087 2208 1170 2290 Fery
1181 2205 1266 2290 quod
1275 2206 1418 2289 reparari

277 2293 399 2357 faciant
414 2298 567 2375 stagnum
582 2293 759 2358 molendini
774 2293 923 2376 aquatici.
968 2293 1049 2377 [Τὴθ
1069 2295 1170 2358 above
1191 2293 1318 2357 marker
1339 2312 1417 2376 may
1462 2316 1464 2320 ¹

279 2379 386 2444 allude
401 2384 436 2442 to
450 2378 542 2549 tipese
556 2379 674 2444 entries
688 2379 797 2444 which
811 2401 864 2445 are
879 2401 922 2444 on
936 2379 992 2446 the
1006 2380 1089 2444 back
1104 2380 1140 2444 of
1157 2379 1214 2444 the
1228 2379 1289 2442 roll
1310 2383 1345 2443 at
1360 2379 1417 2443 tha

279 2486 366 2531 same
381 2466 478 2550 place.

323 2643 414 2704 1374.
445 2639 689 2705 Ill-Tareina
722 2643 839 2704 turnus
871 2638 1100 2704 Halmotorum
1135 2637 1296 2722 incipiens
1328 2639 1416 2720 apud

278 2726 470 2790 Wolueston
491 2725 544 2790 die
566 2727 667 2790 Lunae
690 2726 779 2809 [Feb.
805 2726 859 2810 12]
881 2746 970 2811 prox.
995 2746 1023 2790 a
1043 2726 1165 2790 festum
1191 2726 1221 2789 S.
1244 2723 1417 2789 Valentini

278 2813 424 2878 Martiris
440 2812 528 2896 [Feb.
547 2813 601 2896 14]
616 2829 678 2876 no.
694 2813 908 2896 moeolxxiiij
933 2833 1041 2876 eoram
1063 2811 1203 2876 dominis
1220 2811 1360 2875 Roberto
1376 2811 1417 2876 de

278 2897 489 2964 Walleworth
521 2900 648 2962 Pmoun
676 2899 842 2976 Duram.
871 2898 1038 2963 Willelmo
1073 2898 1114 2963 de
1142 2897 1289 2982 Aslakby
1319 2899 1416 2976 burs,

277 2986 401 3049 Thema
416 2985 552 3068 Surtays
568 2984 775 3061 seneschallo,
790 2992 826 3049 et
840 2985 921 3050 aliis.
966 2985 1033 3069 [No
1048 2985 1173 3068 terror]

322 3071 545 3156 [Billyngham
559 3071 616 3136 the
631 3072 701 3136 first
715 3079 818 3156 entry.
861 3071 1053 3136 Wolueston
1067 3071 1218 3155 follows]

323 3161 552 3223 anrrsoflau.
597 3159 648 3224 W.
672 3158 725 3235 H„
747 3159 784 3222 R.
807 3158 852 3235 R,
873 3159 951 3242 quia
972 3179 1038 3222 non
1064 3162 1253 3223 erraverunt
1275 3158 1323 3222 les
1345 3158 1416 3242 lays

277 3266 335 3328 per
349 3245 436 3328 quod
451 3266 562 3310 aursus
578 3265 670 3329 aquae
691 3244 776 3308 inira
790 3247 891 3328 oamp'
909 3245 1097 3310 obscuratur
1118 3245 1158 3309 ad
1180 3265 1278 3329 grave
1301 3243 1415 3328 damp-

278 3353 359 3394 num
376 3331 437 3394 vio’
453 3331 492 3395 da
514 3351 610 3415 poena
631 3331 739 3415 posita
762 3331 845 3407 eod„
861 3352 901 3395 ex
923 3332 1031 3416 gracia
1051 3332 1115 3396 ista
1130 3331 1200 3396 viae
1217 3337 1261 3396 8s.
1306 3331 1350 3394 Et
1364 3331 1416 3394 in-

273 3419 426 3567 jupptum
441 3423 491 3480 est
505 3417 629 3482 eisdam
643 3418 730 3501 quod
745 3419 846 3483 errari
860 3419 982 3483 faciant
1001 3419 1049 3484 les
1063 3418 1133 3502 leys
1148 3418 1229 3482 eitra
1242 3437 1332 3502 prox.
1348 3419 1415 3482 eur’

277 3525 316 3568 su
354 3523 451 3587 poena
467 3509 532 3567 20s.

321 3591 540 3654 Wonunsnou.
600 3589 793 3672 Injunetum
823 3596 873 3655 est
909 3590 1059 3656 omnibus
1098 3597 1164 3654 ten.
1200 3589 1289 3655 villae
1325 3591 1415 3674 quod

276 3678 387 3742 nullus
402 3698 514 3742 sorum
528 3681 662 3740 teneant
672 3677 741 3762 [sio]
757 3677 883 3760 aliquos
898 3697 994 3742 osnes
1009 3678 1051 3742 ad
1064 3677 1209 3760 capiend'
1224 3678 1357 3760 lepores.
1370 3712 1415 3723 —

276 3765 415 3830 Thomas
429 3763 515 3828 filius
530 3763 690 3828 Willelmi
712 3771 745 3828 et
759 3763 946 3828 Willelmus
970 3764 1140 3848 Chapman
1155 3764 1251 3828 eleoti
1272 3768 1350 3828 sunt
1372 3764 1415 3828 ad

275 3851 443 3936 colligend'
465 3850 544 3914 firm.
575 3855 609 3915 et
637 3870 751 3915 amero.
773 3857 807 3914 at
836 3849 877 3914 ad
906 3850 967 3914 hoe
992 3851 1054 3936 jur.
1086 3851 1191 3916 faeere
1219 3850 1414 3915 fidelitatem

276 3939 455 4003 secundum
469 3957 562 4020 posse
578 3956 695 4002 eorum.
734 3935 878 4020 [Similar
892 3938 1132 4022 appointmsnts
1148 3958 1244 4003 ooeur
1258 3938 1308 4002 for
1322 3937 1416 4002 other

276 4024 352 4088 vills
367 4024 403 4087 in
417 4023 484 4086 this
498 4023 582 4107 roll]

319 4111 476 4172 Drmssro
501 4109 645 4173 Pounau
674 4125 717 4172 nn
747 4110 980 4174 eruomn.
1040 4110 1226 4174 willelmus
1260 4110 1416 4193 Harpour

276 4218 305 4260 v.
332 4196 368 4258 in
393 4215 417 4258 o.
445 4201 478 4258 et
501 4195 589 4279 oepit
610 4195 783 4279 gardinum
804 4197 941 4280 pomerii
963 4197 1004 4261 da
1024 4197 1253 4282 Billyngham:
1274 4195 1415 4261 haband.

275 4287 309 4348 et
324 4280 452 4346 tenend.
468 4280 510 4345 ad
523 4286 616 4346 term.
630 4281 725 4346 vitoe:
746 4304 769 4347 r.
782 4302 813 4365 p.
828 4303 855 4348 a.
874 4289 959 4348 tta:
981 4283 1029 4347 ita
1043 4284 1130 4367 quod
1144 4284 1243 4349 boves
1258 4288 1292 4347 et
1306 4303 1415 4348 vaooae

273 4381 338 4435 neo¹
360 4367 470 4451 aliqua
497 4367 687 4450 hujusmodi
715 4369 822 4434 averia
850 4391 910 4434 sua
939 4370 1064 4434 intrant
1092 4370 1146 4455 pd.
1172 4369 1345 4455 gardinum
1371 4369 1413 4433 od

273 4454 458 4523 destruend’
470 4454 569 4518 viridi
579 4454 737 4519 subbosoo
752 4455 839 4540 [sio]:
855 4463 889 4521 et
902 4456 1037 4522 habebit
1048 4455 1181 4522 litorum
1191 4477 1266 4522 oum
1277 4465 1313 4520 x·
1325 4457 1414 4521 siout

272 4547 309 4609 in
331 4563 430 4607 manu
451 4541 576 4605 domini
598 4561 655 4625 pro
677 4543 778 4606 muris
801 4543 969 4621 laniandis,
991 4548 1025 4608 et
1050 4544 1248 4609 sustentabit
1273 4542 1413 4608 clausur’
