3056 5222
65 544 170 604 1345.
341 553 499 602 HALMOTA
513 553 694 603 PRIORATUS
709 553 948 605 DUNELMENSIS.
1171 547 1209 606 15

64 712 248 797 1111111]Ο
273 712 309 775 in
335 711 423 775 curie
445 731 571 774 sursum
597 711 737 775 reddidit
759 713 929 795 praedictas
951 713 986 776 xl
1008 733 1097 778 acras
1123 714 1212 778 etin

66 799 190 863 eadem
205 798 294 863 curia
309 797 349 862 de
363 817 447 861 novo
462 797 548 880 cepit
562 798 636 862 illas
651 798 709 882 xlij
722 819 810 864 aeras
833 804 865 864 11
886 821 990 865 unum
1011 801 1213 885 mesuagium

66 891 102 950 et
117 885 183 948 xix
198 905 287 950 acras
302 905 381 968 quas
396 884 494 968 Hugo
506 884 656 948 Oolstane
671 885 760 968 prius
772 887 897 950 tenuit:
918 887 1003 952 redd.
1019 907 1213 970 perannum

70 978 141 1037 401.
172 992 230 1055 pro
256 972 374 1055 quibus
400 970 562 1054 mesuagio
587 972 645 1055 [et]
670 972 729 1034 xix
752 973 834 1036 acris
860 971 966 1038 dictus
992 973 1089 1057 Hugo
1115 973 1214 1038 solvit

69 1059 249 1122 annuatim
266 1064 331 1121 221.
347 1057 416 1121 10d.
429 1057 477 1120 ob.
489 1063 521 1121 et
532 1077 598 1120 non
609 1057 665 1122 dat
675 1078 848 1142 gressmam
860 1059 936 1142 quia
950 1058 1081 1124 deberet
1091 1059 1213 1125 solvere

69 1145 215 1228 primam
237 1145 362 1209 firmam
376 1143 417 1207 ad
433 1145 524 1208 Pent.
539 1164 628 1226 prox.
644 1144 798 1210 futurum.
843 1145 936 1210 Idem
952 1146 989 1209 in
1003 1145 1102 1210 tercio
1117 1150 1213 1210 turno

71 1232 223 1296 Halmot.
267 1231 365 1294 Anno
379 1230 514 1294 Domini
528 1230 701 1296 millesimo
723 1239 813 1297 cccmo
827 1233 946 1315 xxviij⁰
961 1232 1070 1316 cepitj
1088 1253 1214 1297 mesua-

72 1318 169 1402 gium
187 1318 233 1400 (et
246 1317 281 1400 iij
299 1337 386 1382 11111
401 1322 494 1382 terrae
515 1317 697 1401 interliued)
714 1319 800 1401 quod
815 1318 1000 1382 Willelmus
1023 1319 1121 1384 frater
1142 1319 1213 1402 ejus

73 1405 170 1487 prius
186 1404 311 1482 tenuit;
332 1403 417 1468 redd.
433 1423 627 1486 perannum
652 1404 723 1470 lad.
740 1413 874 1488 gressm·
891 1411 933 1468 21.
947 1411 981 1470 11
993 1405 1076 1469 illud
1087 1425 1212 1470 mesua-

74 1491 168 1574 gium
184 1490 324 1554 vastavit
346 1495 380 1554 et
401 1490 589 1553 meremium
611 1491 788 1574 asportavit
809 1497 842 1556 et
864 1491 1034 1557 aedificavit
1055 1492 1092 1555 in
1112 1491 1213 1556 libero

74 1581 264 1641 tenemento
279 1597 336 1640 suo
351 1575 438 1659 apud
453 1575 703 1641 Scotteshouses.
741 1577 833 1641 Idem
848 1578 884 1640 in
898 1579 1002 1662 primo
1017 1585 1112 1643 turno
1128 1598 1213 1642 anno

75 1663 217 1726 Domini
241 1663 413 1727 millesimo
439 1669 529 1726 cccmo
550 1664 631 1726 xxix
657 1664 743 1747 cepit
765 1665 802 1727 ix
827 1684 915 1729 acras
941 1684 1020 1747 quas
1046 1665 1213 1729 Iohannes

76 1750 180 1832 Hyne
194 1750 283 1833 prius
297 1749 425 1814 tenuit:
449 1749 535 1814 redd'
551 1770 609 1832 per
622 1751 743 1834 primos
758 1755 823 1814 tres
838 1771 939 1814 annos
954 1771 1012 1835 pro
1026 1771 1099 1815 acra
1116 1751 1165 1817 611.
1182 1757 1214 1815 11

76 1856 135 1919 per
157 1836 239 1901 alios
260 1842 325 1900 tres
347 1855 447 1900 annos
470 1844 639 1920 sequentes
661 1856 719 1921 pro
740 1856 813 1901 acra
837 1837 896 1917 sd,
911 1842 945 1901 et
966 1841 1040 1920 post
1059 1837 1132 1902 illos
1155 1857 1213 1902 sex

78 1943 182 1986 annos
197 1943 255 2006 pro
270 1942 342 1986 acra
360 1922 429 1986 lad.

120 2009 219 2073 Terra
233 2029 330 2092 quam
345 2009 407 2072 sibi
422 2009 590 2092 usurpavit
604 2015 638 2073 11
652 2009 756 2073 adhuc
779 2015 914 2093 occupat
936 2008 1005 2074 sine
1028 2008 1214 2074 dimissione

80 2094 220 2178 alicujus
239 2095 370 2159 terrarii.
416 2095 509 2159 Idem
532 2102 668 2178 occupat
688 2096 723 2180 iij
748 2116 835 2160 acras
850 2101 942 2160 terrae
965 2116 1040 2160 cum
1061 2095 1213 2180 predicto

80 2182 244 2265 mesuagio
259 2181 328 2246 sine
343 2181 530 2246 dimissione
546 2182 681 2265 alicujus
697 2183 821 2247 terrarii
841 2204 899 2266 pro
921 2203 985 2267 quo
1000 2183 1162 2267 mesuagio
1176 2181 1211 2266 iij

81 2269 162 2332 acris
186 2275 278 2332 terrae
293 2273 326 2332 et
341 2267 413 2332 aliis
428 2268 463 2352 iij
480 2268 561 2332 acris
576 2269 618 2333 di.
634 2270 670 2332 in
683 2269 715 2334 le
733 2269 1014 2334 Munketonbroke
1029 2269 1214 2334 Willelmus

81 2355 180 2419 frater
205 2375 282 2418 suus
307 2353 448 2419 reddidit
472 2375 530 2437 per
558 2375 679 2419 annum
708 2361 751 2420 31.
776 2356 825 2420 4d.
871 2355 964 2420 Idem
988 2355 1157 2438 usurpavit
1182 2360 1216 2420 et

82 2445 219 2525 occupat
238 2442 272 2524 iij
290 2461 377 2505 11111
392 2441 428 2503 in
449 2440 480 2505 le
502 2442 589 2504 Brok
603 2462 684 2524 quas
705 2442 830 2525 Aydyn
851 2442 937 2506 filius
954 2442 1077 2506 Sibillae
1090 2442 1216 2525 primus

82 2529 190 2590 tenuit
205 2532 238 2590 et
256 2533 322 2591 tres
341 2548 430 2591 acras
452 2549 531 2611 quas
553 2528 716 2593 Walterus
737 2529 824 2594 filius
846 2528 978 2592 Roberti
992 2528 1082 2611 prius
1096 2529 1212 2592 tenuit.

84 2612 178 2677 Idem
200 2614 368 2697 usurpavit
389 2619 423 2678 et
444 2621 580 2698 occupat
601 2635 620 2680 a
641 2621 784 2699 tempore
799 2615 930 2680 Roberti
952 2615 992 2679 de
1014 2614 1215 2682 Middelham

85 2699 221 2764 bursarii
229 2700 299 2783 xiiij
317 2720 405 2764 acras
416 2706 508 2765 terrae
517 2721 597 2784 quas
605 2701 714 2786 Agnes
729 2701 841 2766 relicta
853 2701 992 2766 Walteri
1005 2701 1094 2785 prius
1109 2702 1216 2765 tenuit

86 2790 117 2847 et
130 2807 260 2850 sursum
275 2785 416 2850 reddidit
432 2787 502 2871 (pro
516 2787 634 2871 quibus
649 2788 830 2873 tertuliani)
847 2787 945 2852 solvit
959 2788 1000 2852 ad
1014 2787 1216 2852 voluntatem

89 2877 130 2934 81.
154 2892 230 2956 quae
258 2872 405 2937 solebant
429 2874 559 2938 reddere
584 2875 789 2957 intempore
815 2875 909 2938 dictae
932 2874 1068 2958 Agnetis
1097 2876 1139 2938 71.
1165 2873 1214 2936 sd.

87 2957 178 3022 Idem
193 2959 362 3042 usurpavit
379 2960 393 3042 j
416 2960 527 3023 rodam
547 2966 640 3025 terrae
659 2961 819 3026 Iohannis
833 2961 894 3024 filii
908 2959 1044 3024 Walteri
1066 2964 1099 3023 11
1120 2958 1217 3022 aliam

87 3045 197 3108 rodam
217 3049 310 3109 terrae
323 3046 483 3110 Iohannis
503 3047 564 3110 filii
578 3047 707 3111 Ricardi
721 3068 779 3131 per
794 3047 839 3130 xij
856 3065 956 3109 annos
972 3065 1068 3128 super
1081 3045 1217 3127 Sharpe·

90 3135 186 3196 stane.
242 3131 335 3195 Idem
360 3133 529 3216 usurpavit
558 3134 598 3197 di.
625 3135 711 3198 rodae
739 3140 831 3198 terrae
860 3133 940 3196 dicti
967 3132 1128 3198 Iohannis
1157 3131 1218 3194 filii

90 3216 218 3281 Ricardi
236 3217 397 3300 jacentem
412 3239 453 3282 11
473 3224 565 3302 parte
580 3221 700 3284 boreali
714 3219 840 3304 gardim
854 3219 1013 3284 Iohannis
1030 3217 1147 3283 Clerici
1160 3238 1219 3302 per

90 3323 192 3367 unum
206 3324 335 3369 annum.
380 3305 474 3368 Idem
488 3308 657 3389 usurpavit
672 3307 714 3371 di.
729 3327 809 3371 acrae
830 3311 922 3370 terrae
940 3307 1100 3389 jacentem
1123 3325 1219 3388 super

90 3387 119 3453 11
133 3389 350 3474 Couenthugh
364 3411 422 3473 per
436 3391 516 3475 xviij
532 3413 633 3456 annos
649 3413 720 3475 quae
740 3393 921 3475 antiquitus
936 3392 1118 3475 pertinebat
1132 3392 1172 3455 ad
1187 3391 1219 3458 11

92 3475 297 3542 Oouentland.
358 3478 452 3542 Idem
481 3479 650 3563 usurpavit
674 3500 772 3542 unam
801 3479 912 3542 rodam
940 3483 1033 3542 terrae
1057 3479 1219 3561 jacentem

92 3581 183 3645 super
215 3563 425 3646 Rougkakers
457 3585 515 3647 per
548 3567 603 3648 xvj
638 3586 748 3630 annos.
808 3565 902 3628 Idem
934 3569 1025 3629 tenet
1058 3565 1098 3628 de
1134 3569 1219 3628 11111

94 3647 204 3734 (Petri)
216 3651 318 3733 patris
330 3650 381 3714 sui
390 3671 432 3714 11
446 3651 580 3734 antiquo
595 3653 714 3715 toftum
730 3657 762 3716 et
772 3651 865 3734 xxiiij
882 3671 969 3715 acras
981 3656 1073 3714 terrae
1087 3656 1120 3714 et
1130 3649 1216 3714 redd.

92 3753 119 3815 p.
134 3757 158 3801 1.
177 3741 221 3800 31.
239 3735 303 3819 (td.
319 3738 499 3820 teteritaed)
517 3743 549 3803 et
564 3739 699 3803 servicia
713 3739 822 3802 debita
836 3738 892 3801 sed
915 3737 1054 3801 croftum
1068 3737 1220 3800 abuttans

94 3839 185 3904 super
199 3822 369 3905 gardinum
379 3844 491 3888 versus
507 3845 624 3907 aquam
639 3825 795 3908 pertinuit
810 3824 998 3906 abantiquo
1014 3822 1055 3886 ad
1070 3823 1221 3898 Priorem,

94 3909 145 3971 sed
158 3928 247 3972 nuno
269 3916 319 3973 est
339 3909 548 3992 incognitum.
592 3911 675 3974 Item
699 3912 778 3974 emit
802 3911 842 3974 de
865 3909 1014 3974 Iohanne
1037 3908 1159 3972 Clerico
1180 3908 1220 3972 de

94 3991 284 4058 Hethworth
298 4017 321 4058 x
336 4016 424 4059 acras
439 3996 478 4060 de
498 4018 582 4060 nova
602 3998 746 4061 frussura
766 3998 802 4060 in
816 4017 904 4060 mora
919 4001 951 4059 et
965 3995 1070 4060 reddit
1084 4015 1115 4078 p.
1131 4016 1157 4059 a
1176 4001 1220 4061 ts.

96 4085 125 4142 et
137 4081 277 4144 creditur
291 4082 377 4164 quod
387 4083 553 4147 Iohannes
569 4083 711 4148 Clericus
722 4083 828 4147 tenuit
839 4083 936 4147 istam
950 4102 1007 4165 per
1020 4082 1222 4166 cicograffum

96 4171 125 4228 11
137 4168 210 4230 ideo
230 4167 419 4251 inquiratur.
464 4170 549 4234 Item
570 4175 659 4234 tenet
681 4190 772 4233 xxxv
787 4169 962 4253 (quondam
983 4169 1019 4232 xl
1040 4167 1220 4252 1111111111)

97 4271 178 4318 acras
196 4254 334 4318 deterre
354 4255 516 4337 quondam
538 4257 654 4339 Rogeri
671 4257 853 4339 Fraunceys
876 4260 909 4320 et
930 4255 1036 4319 reddit
1050 4276 1080 4338 p.
1096 4276 1123 4319 a.
1150 4254 1221 4318 rad.

96 4337 142 4402 De
167 4341 285 4423 quibus
306 4340 351 4424 vij
379 4362 470 4406 acrae
485 4343 688 4426 assignantur
710 4342 863 4406 luminari
889 4342 1014 4406 Sanctae
1039 4341 1153 4405 Mariae
1182 4340 1222 4404 de

98 4423 198 4491 Iarow
212 4447 270 4510 per
283 4428 472 4510 praedictum
488 4430 648 4512 Rogerum
663 4435 695 4493 et
709 4434 854 4493 tenentes
865 4429 905 4492 de
916 4427 1112 4492 Hedeworth
1128 4434 1219 4490 tenu-

99 4518 184 4577 erunt
199 4513 302 4578 dictes
316 4514 361 4598 vij
378 4535 465 4580 acras
481 4521 514 4580 et
527 4516 736 4581 reddiderunt
747 4536 803 4600 pro
819 4536 891 4580 acra
909 4516 978 4580 lod.
994 4520 1026 4579 et
1039 4514 1109 4597 ipse
1120 4511 1222 4576 nichil
