<?xml version="1.0" encoding="UTF-8"?>
<!DOCTYPE html PUBLIC "-//W3C//DTD XHTML 1.0 Transitional//EN"
    "http://www.w3.org/TR/xhtml1/DTD/xhtml1-transitional.dtd">
<html xmlns="http://www.w3.org/1999/xhtml" xml:lang="en" lang="en">
 <head>
  <title>
</title>
<meta http-equiv="Content-Type" content="text/html;charset=utf-8" />
  <meta name='ocr-system' content='tesseract 3.04.00' />
  <meta name='ocr-capabilities' content='ocr_page ocr_carea ocr_par ocr_line ocrx_word'/>
</head>
<body>
  <div class='ocr_page' id='page_1' title='image "./halmotaprioratu01cathgoog/halmotaprioratu01cathgoog_0151.png"; bbox 0 0 3278 5204; ppageno 0'>
   <div class='ocr_carea' id='block_1_1' title="bbox 305 535 1443 600">
    <p class='ocr_par' dir='ltr' id='par_1_1' title="bbox 305 535 1443 600">
     <span class='ocr_line' id='line_1_1' title="bbox 305 535 1443 600; baseline 0.002 -2"><span class='ocrx_word' id='word_1_1' title='bbox 305 537 345 600; x_wconf 87' lang='grc'><strong>96</strong></span> <span class='ocrx_word' id='word_1_2' title='bbox 544 545 1150 598; x_wconf 73' lang='lat' dir='ltr'><strong>mauorlrmomrusuuunmmusm</strong></span> <span class='ocrx_word' id='word_1_3' title='bbox 1350 535 1443 600; x_wconf 84' lang='grc'>1370.</span> 
     </span>
    </p>
   </div>
   <div class='ocr_carea' id='block_1_2' title="bbox 295 705 1521 4606">
    <p class='ocr_par' dir='ltr' id='par_1_2' title="bbox 299 705 1445 1571">
     <span class='ocr_line' id='line_1_2' title="bbox 300 705 1445 773; baseline 0 -1"><span class='ocrx_word' id='word_1_4' title='bbox 300 707 353 772; x_wconf 91' lang='lat' dir='ltr'><strong>sui</strong></span> <span class='ocrx_word' id='word_1_5' title='bbox 375 705 422 772; x_wconf 85' lang='lat' dir='ltr'><strong>sic</strong></span> <span class='ocrx_word' id='word_1_6' title='bbox 444 706 599 773; x_wconf 75' lang='lat' dir='ltr'><strong>dimittet.</strong></span> <span class='ocrx_word' id='word_1_7' title='bbox 612 706 832 773; x_wconf 83' lang='lat' dir='ltr'><strong>-Dimissia</strong></span> <span class='ocrx_word' id='word_1_8' title='bbox 876 705 1036 771; x_wconf 83' lang='lat' dir='ltr'><strong>Rioardus</strong></span> <span class='ocrx_word' id='word_1_9' title='bbox 1061 705 1115 772; x_wconf 89' lang='lat' dir='ltr'><strong>del</strong></span> <span class='ocrx_word' id='word_1_10' title='bbox 1139 705 1273 770; x_wconf 73' lang='lat' dir='ltr'><strong>Neriton</strong></span> <span class='ocrx_word' id='word_1_11' title='bbox 1293 705 1387 770; x_wconf 82' lang='lat' dir='ltr'><strong>venit</strong></span> <span class='ocrx_word' id='word_1_12' title='bbox 1409 711 1445 772; x_wconf 87' lang='lat' dir='ltr'><strong>et</strong></span> 
     </span>
     <span class='ocr_line' id='line_1_3' title="bbox 300 792 1443 879; baseline -0.001 -20"><span class='ocrx_word' id='word_1_13' title='bbox 300 794 389 879; x_wconf 87' lang='lat' dir='ltr'><strong>oepit</strong></span> <span class='ocrx_word' id='word_1_14' title='bbox 409 814 513 860; x_wconf 88' lang='lat' dir='ltr'><strong>unum</strong></span> <span class='ocrx_word' id='word_1_15' title='bbox 535 799 759 860; x_wconf 83' lang='lat' dir='ltr'><strong>tenementum</strong></span> <span class='ocrx_word' id='word_1_16' title='bbox 772 793 860 878; x_wconf 90' lang='lat' dir='ltr'><strong>quod</strong></span> <span class='ocrx_word' id='word_1_17' title='bbox 880 793 1054 879; x_wconf 77' lang='lat' dir='ltr'><strong>pradictus</strong></span> <span class='ocrx_word' id='word_1_18' title='bbox 1069 792 1228 858; x_wconf 86' lang='lat' dir='ltr'><strong>Robertus</strong></span> <span class='ocrx_word' id='word_1_19' title='bbox 1249 793 1331 859; x_wconf 89' lang='lat' dir='ltr'><strong>Wili</strong></span> <span class='ocrx_word' id='word_1_20' title='bbox 1351 793 1443 876; x_wconf 88' lang='lat' dir='ltr'><strong>prius</strong></span> 
     </span>
     <span class='ocr_line' id='line_1_4' title="bbox 300 879 1443 964; baseline -0.001 -18"><span class='ocrx_word' id='word_1_21' title='bbox 300 881 425 946; x_wconf 86' lang='lat' dir='ltr'><strong>tenuit:</strong></span> <span class='ocrx_word' id='word_1_22' title='bbox 451 880 588 946; x_wconf 81' lang='lat' dir='ltr'><strong>haband</strong></span> <span class='ocrx_word' id='word_1_23' title='bbox 612 887 645 946; x_wconf 88' lang='lat' dir='ltr'><strong>et</strong></span> <span class='ocrx_word' id='word_1_24' title='bbox 666 887 732 946; x_wconf 91' lang='lat' dir='ltr'><strong>ten.</strong></span> <span class='ocrx_word' id='word_1_25' title='bbox 755 880 797 945; x_wconf 86' lang='lat' dir='ltr'><strong>ed</strong></span> <span class='ocrx_word' id='word_1_26' title='bbox 819 887 911 946; x_wconf 88' lang='lat' dir='ltr'><strong>term</strong></span> <span class='ocrx_word' id='word_1_27' title='bbox 933 881 1011 945; x_wconf 75' lang='lat' dir='ltr'><strong>vita</strong></span> <span class='ocrx_word' id='word_1_28' title='bbox 1032 899 1118 944; x_wconf 84' lang='lat' dir='ltr'><strong>suae:</strong></span> <span class='ocrx_word' id='word_1_29' title='bbox 1142 879 1230 944; x_wconf 85' lang='lat' dir='ltr'><strong>redd</strong></span> <span class='ocrx_word' id='word_1_30' title='bbox 1252 899 1282 963; x_wconf 87' lang='lat' dir='ltr'><strong>p.</strong></span> <span class='ocrx_word' id='word_1_31' title='bbox 1297 900 1325 945; x_wconf 88' lang='lat' dir='ltr'><strong>a</strong></span> <span class='ocrx_word' id='word_1_32' title='bbox 1344 887 1443 964; x_wconf 89' lang='lat' dir='ltr'><strong>prout</strong></span> 
     </span>
     <span class='ocr_line' id='line_1_5' title="bbox 299 965 1442 1052; baseline -0.002 -20"><span class='ocrx_word' id='word_1_33' title='bbox 299 968 474 1052; x_wconf 80' lang='lat' dir='ltr'><strong>praedictus</strong></span> <span class='ocrx_word' id='word_1_34' title='bbox 489 967 648 1033; x_wconf 86' lang='lat' dir='ltr'><strong>Robertus</strong></span> <span class='ocrx_word' id='word_1_35' title='bbox 670 967 761 1051; x_wconf 88' lang='lat' dir='ltr'><strong>prius</strong></span> <span class='ocrx_word' id='word_1_36' title='bbox 776 967 900 1032; x_wconf 90' lang='lat' dir='ltr'><strong>tenuit:</strong></span> <span class='ocrx_word' id='word_1_37' title='bbox 928 965 1112 1050; x_wconf 81' lang='lat' dir='ltr'><strong>incipiendo</strong></span> <span class='ocrx_word' id='word_1_38' title='bbox 1127 965 1249 1030; x_wconf 86' lang='lat' dir='ltr'><strong>solvere</strong></span> <span class='ocrx_word' id='word_1_39' title='bbox 1264 966 1306 1030; x_wconf 92' lang='lat' dir='ltr'><strong>ad</strong></span> <span class='ocrx_word' id='word_1_40' title='bbox 1319 967 1442 1031; x_wconf 87' lang='lat' dir='ltr'><strong>festum</strong></span> 
     </span>
     <span class='ocr_line' id='line_1_6' title="bbox 301 1052 1442 1138; baseline -0.001 -20"><span class='ocrx_word' id='word_1_41' title='bbox 301 1057 392 1120; x_wconf 88' lang='lat' dir='ltr'><strong>Pent</strong></span> <span class='ocrx_word' id='word_1_42' title='bbox 418 1075 509 1138; x_wconf 81' lang='lat' dir='ltr'><strong>prox.</strong></span> <span class='ocrx_word' id='word_1_43' title='bbox 536 1055 691 1118; x_wconf 84' lang='lat' dir='ltr'><strong>futurum.</strong></span> <span class='ocrx_word' id='word_1_44' title='bbox 750 1053 837 1138; x_wconf 86' lang='lat' dir='ltr'><strong>Pleg.</strong></span> <span class='ocrx_word' id='word_1_45' title='bbox 862 1052 902 1118; x_wconf 91' lang='lat' dir='ltr'><strong>de</strong></span> <span class='ocrx_word' id='word_1_46' title='bbox 926 1054 1007 1118; x_wconf 80' lang='lat' dir='ltr'><strong>firm</strong></span> <span class='ocrx_word' id='word_1_47' title='bbox 1034 1059 1068 1117; x_wconf 86' lang='lat' dir='ltr'><strong>et</strong></span> <span class='ocrx_word' id='word_1_48' title='bbox 1091 1053 1242 1117; x_wconf 87' lang='lat' dir='ltr'><strong>omnibus</strong></span> <span class='ocrx_word' id='word_1_49' title='bbox 1270 1053 1344 1118; x_wconf 85' lang='lat' dir='ltr'><strong>aliis</strong></span> <span class='ocrx_word' id='word_1_50' title='bbox 1367 1073 1442 1136; x_wconf 82' lang='lat' dir='ltr'><strong>quae</strong></span> 
     </span>
     <span class='ocr_line' id='line_1_7' title="bbox 299 1139 1442 1225; baseline 0 -21"><span class='ocrx_word' id='word_1_51' title='bbox 299 1141 496 1206; x_wconf 82' lang='lat' dir='ltr'><strong>incumbunt</strong></span> <span class='ocrx_word' id='word_1_52' title='bbox 510 1141 675 1206; x_wconf 89' lang='lat' dir='ltr'><strong>Walterus</strong></span> <span class='ocrx_word' id='word_1_53' title='bbox 698 1139 862 1225; x_wconf 89' lang='lat' dir='ltr'><strong>Bisohopp</strong></span> <span class='ocrx_word' id='word_1_54' title='bbox 885 1145 918 1204; x_wconf 88' lang='lat' dir='ltr'><strong>et</strong></span> <span class='ocrx_word' id='word_1_55' title='bbox 931 1139 1118 1204; x_wconf 86' lang='lat' dir='ltr'><strong>Willelmus</strong></span> <span class='ocrx_word' id='word_1_56' title='bbox 1140 1139 1258 1205; x_wconf 87' lang='lat' dir='ltr'><strong>Fuller.</strong></span> <span class='ocrx_word' id='word_1_57' title='bbox 1301 1140 1346 1203; x_wconf 83' lang='lat' dir='ltr'><strong>Iit</strong></span> <span class='ocrx_word' id='word_1_58' title='bbox 1359 1160 1442 1223; x_wconf 87' lang='lat' dir='ltr'><strong>prae·</strong></span> 
     </span>
     <span class='ocr_line' id='line_1_8' title="bbox 300 1226 1441 1310; baseline -0.002 -18"><span class='ocrx_word' id='word_1_59' title='bbox 300 1229 409 1293; x_wconf 82' lang='lat' dir='ltr'><strong>dietus</strong></span> <span class='ocrx_word' id='word_1_60' title='bbox 433 1228 592 1292; x_wconf 84' lang='lat' dir='ltr'><strong>Ricardus</strong></span> <span class='ocrx_word' id='word_1_61' title='bbox 615 1228 651 1291; x_wconf 92' lang='lat' dir='ltr'><strong>in</strong></span> <span class='ocrx_word' id='word_1_62' title='bbox 680 1226 855 1292; x_wconf 81' lang='lat' dir='ltr'><strong>sufficienti</strong></span> <span class='ocrx_word' id='word_1_63' title='bbox 884 1232 973 1291; x_wconf 87' lang='lat' dir='ltr'><strong>statu</strong></span> <span class='ocrx_word' id='word_1_64' title='bbox 998 1226 1189 1310; x_wconf 87' lang='lat' dir='ltr'><strong>praediotum</strong></span> <span class='ocrx_word' id='word_1_65' title='bbox 1217 1232 1441 1290; x_wconf 84' lang='lat' dir='ltr'><strong>tenementum</strong></span> 
     </span>
     <span class='ocr_line' id='line_1_9' title="bbox 299 1313 1442 1398; baseline 0.001 -21"><span class='ocrx_word' id='word_1_66' title='bbox 299 1314 428 1379; x_wconf 90' lang='lat' dir='ltr'><strong>invenit</strong></span> <span class='ocrx_word' id='word_1_67' title='bbox 442 1319 475 1379; x_wconf 88' lang='grc'>61</span> <span class='ocrx_word' id='word_1_68' title='bbox 490 1315 538 1378; x_wconf 88' lang='lat' dir='ltr'><strong>sic</strong></span> <span class='ocrx_word' id='word_1_69' title='bbox 553 1313 705 1378; x_wconf 86' lang='lat' dir='ltr'><strong>dimittet.</strong></span> <span class='ocrx_word' id='word_1_70' title='bbox 749 1314 793 1378; x_wconf 84' lang='lat' dir='ltr'><strong>Et</strong></span> <span class='ocrx_word' id='word_1_71' title='bbox 805 1313 980 1398; x_wconf 73' lang='lat' dir='ltr'><strong>praediatus</strong></span> <span class='ocrx_word' id='word_1_72' title='bbox 995 1313 1153 1378; x_wconf 88' lang='lat' dir='ltr'><strong>Rioardus</strong></span> <span class='ocrx_word' id='word_1_73' title='bbox 1167 1313 1339 1396; x_wconf 87' lang='lat' dir='ltr'><strong>invenitvj</strong></span> <span class='ocrx_word' id='word_1_74' title='bbox 1352 1333 1442 1378; x_wconf 87' lang='lat' dir='ltr'><strong>aeras</strong></span> 
     </span>
     <span class='ocr_line' id='line_1_10' title="bbox 299 1399 1443 1484; baseline 0 -19"><span class='ocrx_word' id='word_1_75' title='bbox 299 1401 398 1465; x_wconf 90' lang='lat' dir='ltr'><strong>unius</strong></span> <span class='ocrx_word' id='word_1_76' title='bbox 410 1420 529 1465; x_wconf 83' lang='lat' dir='ltr'><strong>arrurae</strong></span> <span class='ocrx_word' id='word_1_77' title='bbox 542 1401 630 1464; x_wconf 92' lang='lat' dir='ltr'><strong>unde</strong></span> <span class='ocrx_word' id='word_1_78' title='bbox 643 1421 710 1464; x_wconf 91' lang='lat' dir='ltr'><strong>una</strong></span> <span class='ocrx_word' id='word_1_79' title='bbox 725 1420 798 1465; x_wconf 82' lang='lat' dir='ltr'><strong>sora</strong></span> <span class='ocrx_word' id='word_1_80' title='bbox 808 1401 938 1464; x_wconf 81' lang='lat' dir='ltr'><strong>fimatur</strong></span> <span class='ocrx_word' id='word_1_81' title='bbox 949 1420 1029 1484; x_wconf 89' lang='lat' dir='ltr'><strong>quas</strong></span> <span class='ocrx_word' id='word_1_82' title='bbox 1041 1399 1088 1465; x_wconf 88' lang='lat' dir='ltr'><strong>sie</strong></span> <span class='ocrx_word' id='word_1_83' title='bbox 1099 1399 1251 1465; x_wconf 86' lang='lat' dir='ltr'><strong>dimittet.</strong></span> <span class='ocrx_word' id='word_1_84' title='bbox 1289 1400 1443 1466; x_wconf 83' lang='lat' dir='ltr'><strong>Gres&#39;m&#39;a</strong></span> 
     </span>
     <span class='ocr_line' id='line_1_11' title="bbox 300 1487 975 1571; baseline 0 -19"><span class='ocrx_word' id='word_1_85' title='bbox 300 1487 344 1553; x_wconf 92' lang='lat' dir='ltr'><strong>di.</strong></span> <span class='ocrx_word' id='word_1_86' title='bbox 358 1507 492 1567; x_wconf 81' lang='lat' dir='ltr'><strong>mar0oe3</strong></span> <span class='ocrx_word' id='word_1_87' title='bbox 513 1487 712 1552; x_wconf 78' lang='lat' dir='ltr'><strong>condonatur</strong></span> <span class='ocrx_word' id='word_1_88' title='bbox 725 1507 783 1571; x_wconf 89' lang='lat' dir='ltr'><strong>per</strong></span> <span class='ocrx_word' id='word_1_89' title='bbox 796 1488 975 1552; x_wconf 88' lang='lat' dir='ltr'><strong>terrarium.</strong></span> 
     </span>
    </p>

    <p class='ocr_par' dir='ltr' id='par_1_3' title="bbox 296 1572 1443 3740">
     <span class='ocr_line' id='line_1_12' title="bbox 342 1572 1443 1657; baseline 0.002 -20"><span class='ocrx_word' id='word_1_90' title='bbox 342 1575 465 1639; x_wconf 84' lang='lat' dir='ltr'><strong>Aomr.</strong></span> <span class='ocrx_word' id='word_1_91' title='bbox 525 1574 718 1657; x_wconf 86' lang='lat' dir='ltr'><strong>Injuuotum</strong></span> <span class='ocrx_word' id='word_1_92' title='bbox 743 1579 793 1638; x_wconf 86' lang='lat' dir='ltr'><strong>est</strong></span> <span class='ocrx_word' id='word_1_93' title='bbox 818 1574 968 1638; x_wconf 88' lang='lat' dir='ltr'><strong>firmariis</strong></span> <span class='ocrx_word' id='word_1_94' title='bbox 993 1572 1131 1638; x_wconf 86' lang='lat' dir='ltr'><strong>manerii</strong></span> <span class='ocrx_word' id='word_1_95' title='bbox 1160 1572 1247 1657; x_wconf 90' lang='lat' dir='ltr'><strong>quod</strong></span> <span class='ocrx_word' id='word_1_96' title='bbox 1276 1573 1443 1639; x_wconf 83' lang='lat' dir='ltr'><strong>emendari</strong></span> 
     </span>
     <span class='ocr_line' id='line_1_13' title="bbox 299 1660 1442 1744; baseline 0.002 -20"><span class='ocrx_word' id='word_1_97' title='bbox 299 1661 421 1726; x_wconf 80' lang='lat' dir='ltr'><strong>faciant</strong></span> <span class='ocrx_word' id='word_1_98' title='bbox 435 1661 555 1738; x_wconf 90' lang='lat' dir='ltr'><strong>domos,</strong></span> <span class='ocrx_word' id='word_1_99' title='bbox 569 1660 722 1726; x_wconf 83' lang='lat' dir='ltr'><strong>videlicet</strong></span> <span class='ocrx_word' id='word_1_100' title='bbox 736 1660 773 1723; x_wconf 94' lang='lat' dir='ltr'><strong>in</strong></span> <span class='ocrx_word' id='word_1_101' title='bbox 794 1661 948 1726; x_wconf 88' lang='lat' dir='ltr'><strong>meremio</strong></span> <span class='ocrx_word' id='word_1_102' title='bbox 962 1665 996 1725; x_wconf 89' lang='lat' dir='ltr'><strong>et</strong></span> <span class='ocrx_word' id='word_1_103' title='bbox 1010 1664 1205 1744; x_wconf 83' lang='lat' dir='ltr'><strong>coopertura</strong></span> <span class='ocrx_word' id='word_1_104' title='bbox 1216 1698 1261 1710; x_wconf 91' lang='lat'><em>-</em></span> <span class='ocrx_word' id='word_1_105' title='bbox 1271 1662 1295 1726; x_wconf 88' lang='lat' dir='ltr'><strong>J</strong></span> <span class='ocrx_word' id='word_1_106' title='bbox 1296 1661 1442 1726; x_wconf 90' lang='lat' dir='ltr'><strong>ohannes</strong></span> 
     </span>
     <span class='ocr_line' id='line_1_14' title="bbox 298 1747 1442 1832; baseline 0.001 -21"><span class='ocrx_word' id='word_1_107' title='bbox 298 1749 453 1813; x_wconf 85' lang='lat' dir='ltr'><strong>Fermour</strong></span> <span class='ocrx_word' id='word_1_108' title='bbox 463 1748 555 1813; x_wconf 90' lang='lat' dir='ltr'><strong>venit</strong></span> <span class='ocrx_word' id='word_1_109' title='bbox 569 1753 602 1812; x_wconf 87' lang='lat' dir='ltr'><strong>et</strong></span> <span class='ocrx_word' id='word_1_110' title='bbox 616 1748 702 1832; x_wconf 88' lang='lat' dir='ltr'><strong>oepit</strong></span> <span class='ocrx_word' id='word_1_111' title='bbox 716 1768 820 1811; x_wconf 91' lang='lat' dir='ltr'><strong>unum</strong></span> <span class='ocrx_word' id='word_1_112' title='bbox 835 1747 1035 1831; x_wconf 85' lang='lat' dir='ltr'><strong>mesuagium</strong></span> <span class='ocrx_word' id='word_1_113' title='bbox 1050 1753 1083 1811; x_wconf 90' lang='lat' dir='ltr'><strong>et</strong></span> <span class='ocrx_word' id='word_1_114' title='bbox 1096 1767 1142 1810; x_wconf 84' lang='lat' dir='ltr'><strong>xx</strong></span> <span class='ocrx_word' id='word_1_115' title='bbox 1157 1766 1246 1811; x_wconf 84' lang='lat' dir='ltr'><strong>acras</strong></span> <span class='ocrx_word' id='word_1_116' title='bbox 1260 1752 1352 1812; x_wconf 83' lang='lat' dir='ltr'><strong>terrae</strong></span> <span class='ocrx_word' id='word_1_117' title='bbox 1366 1767 1442 1831; x_wconf 84' lang='lat' dir='ltr'><strong>quae</strong></span> 
     </span>
     <span class='ocr_line' id='line_1_15' title="bbox 299 1833 1443 1900; baseline 0.001 -1"><span class='ocrx_word' id='word_1_118' title='bbox 299 1836 431 1900; x_wconf 85' lang='lat' dir='ltr'><strong>fuerunt</strong></span> <span class='ocrx_word' id='word_1_119' title='bbox 444 1835 481 1898; x_wconf 92' lang='lat' dir='ltr'><strong>in</strong></span> <span class='ocrx_word' id='word_1_120' title='bbox 495 1841 611 1900; x_wconf 84' lang='lat' dir='ltr'><strong>tenura</strong></span> <span class='ocrx_word' id='word_1_121' title='bbox 625 1834 757 1900; x_wconf 87' lang='lat' dir='ltr'><strong>Rieardi</strong></span> <span class='ocrx_word' id='word_1_122' title='bbox 772 1834 812 1899; x_wconf 88' lang='lat' dir='ltr'><strong>de</strong></span> <span class='ocrx_word' id='word_1_123' title='bbox 827 1833 985 1899; x_wconf 88' lang='lat' dir='ltr'><strong>Heworth</strong></span> <span class='ocrx_word' id='word_1_124' title='bbox 996 1857 1004 1897; x_wconf 76' lang='grc' dir='ltr'><strong><em>ε</em></strong></span> <span class='ocrx_word' id='word_1_125' title='bbox 1017 1833 1154 1898; x_wconf 82' lang='lat' dir='ltr'><strong>haband</strong></span> <span class='ocrx_word' id='word_1_126' title='bbox 1170 1838 1204 1897; x_wconf 90' lang='lat' dir='ltr'><strong>et</strong></span> <span class='ocrx_word' id='word_1_127' title='bbox 1217 1839 1281 1898; x_wconf 91' lang='lat' dir='ltr'><strong>ten.</strong></span> <span class='ocrx_word' id='word_1_128' title='bbox 1292 1833 1333 1897; x_wconf 88' lang='lat' dir='ltr'><strong>ad</strong></span> <span class='ocrx_word' id='word_1_129' title='bbox 1348 1840 1443 1900; x_wconf 89' lang='lat' dir='ltr'><strong>term.</strong></span> 
     </span>
     <span class='ocr_line' id='line_1_16' title="bbox 298 1920 1442 2007; baseline 0.002 -23"><span class='ocrx_word' id='word_1_130' title='bbox 298 1923 377 1986; x_wconf 84' lang='lat' dir='ltr'><strong>vitae</strong></span> <span class='ocrx_word' id='word_1_131' title='bbox 391 1943 476 1987; x_wconf 78' lang='lat' dir='ltr'><strong>suae:</strong></span> <span class='ocrx_word' id='word_1_132' title='bbox 501 1922 589 1987; x_wconf 87' lang='lat' dir='ltr'><strong>redd</strong></span> <span class='ocrx_word' id='word_1_133' title='bbox 603 1943 635 2007; x_wconf 92' lang='lat' dir='ltr'><strong>p.</strong></span> <span class='ocrx_word' id='word_1_134' title='bbox 651 1942 677 1986; x_wconf 89' lang='lat' dir='ltr'><strong>a</strong></span> <span class='ocrx_word' id='word_1_135' title='bbox 693 1927 790 2005; x_wconf 87' lang='lat' dir='ltr'><strong>prout</strong></span> <span class='ocrx_word' id='word_1_136' title='bbox 803 1921 978 2005; x_wconf 81' lang='lat' dir='ltr'><strong>praediotus</strong></span> <span class='ocrx_word' id='word_1_137' title='bbox 994 1921 1152 1985; x_wconf 86' lang='lat' dir='ltr'><strong>Ricardus</strong></span> <span class='ocrx_word' id='word_1_138' title='bbox 1173 1920 1264 2003; x_wconf 88' lang='lat' dir='ltr'><strong>prius</strong></span> <span class='ocrx_word' id='word_1_139' title='bbox 1278 1921 1442 1986; x_wconf 83' lang='lat' dir='ltr'><strong>reddidit:</strong></span> 
     </span>
     <span class='ocr_line' id='line_1_17' title="bbox 299 2007 1443 2092; baseline 0.001 -21"><span class='ocrx_word' id='word_1_140' title='bbox 299 2007 485 2092; x_wconf 88' lang='lat' dir='ltr'><strong>incipiendo</strong></span> <span class='ocrx_word' id='word_1_141' title='bbox 500 2009 622 2074; x_wconf 89' lang='lat' dir='ltr'><strong>solvere</strong></span> <span class='ocrx_word' id='word_1_142' title='bbox 638 2009 680 2072; x_wconf 89' lang='lat' dir='ltr'><strong>ad</strong></span> <span class='ocrx_word' id='word_1_143' title='bbox 694 2009 814 2072; x_wconf 89' lang='lat' dir='ltr'><strong>festum</strong></span> <span class='ocrx_word' id='word_1_144' title='bbox 829 2008 921 2072; x_wconf 90' lang='lat' dir='ltr'><strong>Peut.</strong></span> <span class='ocrx_word' id='word_1_145' title='bbox 934 2028 1020 2072; x_wconf 90' lang='lat' dir='ltr'><strong>anno</strong></span> <span class='ocrx_word' id='word_1_146' title='bbox 1034 2007 1271 2091; x_wconf 83' lang='lat' dir='ltr'><strong>septuagesimo</strong></span> <span class='ocrx_word' id='word_1_147' title='bbox 1285 2007 1390 2091; x_wconf 89' lang='lat' dir='ltr'><strong>primo</strong></span> <span class='ocrx_word' id='word_1_148' title='bbox 1401 2045 1416 2055; x_wconf 95' lang='lat'><em>-</em></span> <span class='ocrx_word' id='word_1_149' title='bbox 1428 2045 1443 2058; x_wconf 92' lang='lat'><strong>·</strong></span> 
     </span>
     <span class='ocr_line' id='line_1_18' title="bbox 300 2093 1442 2178; baseline 0 -20"><span class='ocrx_word' id='word_1_150' title='bbox 300 2096 492 2178; x_wconf 89' lang='lat' dir='ltr'><strong>Injunotum</strong></span> <span class='ocrx_word' id='word_1_151' title='bbox 511 2100 562 2159; x_wconf 89' lang='lat' dir='ltr'><strong>est</strong></span> <span class='ocrx_word' id='word_1_152' title='bbox 583 2095 733 2159; x_wconf 90' lang='lat' dir='ltr'><strong>omnibus</strong></span> <span class='ocrx_word' id='word_1_153' title='bbox 750 2095 937 2159; x_wconf 88' lang='lat' dir='ltr'><strong>tenentibus</strong></span> <span class='ocrx_word' id='word_1_154' title='bbox 952 2094 1040 2158; x_wconf 81' lang='lat' dir='ltr'><strong>villae</strong></span> <span class='ocrx_word' id='word_1_155' title='bbox 1063 2093 1150 2178; x_wconf 90' lang='lat' dir='ltr'><strong>quod</strong></span> <span class='ocrx_word' id='word_1_156' title='bbox 1168 2093 1307 2177; x_wconf 87' lang='lat' dir='ltr'><strong>quilibet</strong></span> <span class='ocrx_word' id='word_1_157' title='bbox 1329 2115 1442 2158; x_wconf 89' lang='lat' dir='ltr'><strong>eorum</strong></span> 
     </span>
     <span class='ocr_line' id='line_1_19' title="bbox 299 2180 1441 2267; baseline -0.001 -22"><span class='ocrx_word' id='word_1_158' title='bbox 299 2185 454 2263; x_wconf 86' lang='lat' dir='ltr'><strong>praestant</strong></span> <span class='ocrx_word' id='word_1_159' title='bbox 474 2181 547 2245; x_wconf 86' lang='lat' dir='ltr'><strong>leot’</strong></span> <span class='ocrx_word' id='word_1_160' title='bbox 562 2182 692 2245; x_wconf 82' lang='lat' dir='ltr'><strong>terrario</strong></span> <span class='ocrx_word' id='word_1_161' title='bbox 716 2181 784 2267; x_wconf 76' lang='lat' dir='ltr'><strong>[sie]</strong></span> <span class='ocrx_word' id='word_1_162' title='bbox 808 2187 841 2246; x_wconf 88' lang='lat' dir='ltr'><strong>et</strong></span> <span class='ocrx_word' id='word_1_163' title='bbox 861 2180 1125 2246; x_wconf 78' lang='lat' dir='ltr'><strong>burserio—De</strong></span> <span class='ocrx_word' id='word_1_164' title='bbox 1146 2180 1243 2244; x_wconf 88' lang='lat' dir='ltr'><strong>Petro</strong></span> <span class='ocrx_word' id='word_1_165' title='bbox 1266 2181 1370 2245; x_wconf 82' lang='lat' dir='ltr'><strong>Snart&#39;</strong></span> <span class='ocrx_word' id='word_1_166' title='bbox 1390 2182 1441 2266; x_wconf 88' lang='lat' dir='ltr'><strong>[or</strong></span> 
     </span>
     <span class='ocr_line' id='line_1_20' title="bbox 301 2267 1442 2352; baseline 0.001 -21"><span class='ocrx_word' id='word_1_167' title='bbox 301 2267 418 2350; x_wconf 84' lang='lat' dir='ltr'><strong>Suart]</strong></span> <span class='ocrx_word' id='word_1_168' title='bbox 434 2268 513 2350; x_wconf 89' lang='lat' dir='ltr'><strong>quia</strong></span> <span class='ocrx_word' id='word_1_169' title='bbox 526 2287 593 2331; x_wconf 88' lang='lat' dir='ltr'><strong>non</strong></span> <span class='ocrx_word' id='word_1_170' title='bbox 608 2268 699 2333; x_wconf 86' lang='lat' dir='ltr'><strong>venit</strong></span> <span class='ocrx_word' id='word_1_171' title='bbox 714 2268 755 2332; x_wconf 90' lang='lat' dir='ltr'><strong>ad</strong></span> <span class='ocrx_word' id='word_1_172' title='bbox 770 2268 892 2332; x_wconf 84' lang='lat' dir='ltr'><strong>auriam</strong></span> <span class='ocrx_word' id='word_1_173' title='bbox 906 2268 955 2332; x_wconf 80' lang='lat' dir='ltr'><strong>ed.</strong></span> <span class='ocrx_word' id='word_1_174' title='bbox 967 2304 1011 2314; x_wconf 97' lang='lat'>—</span> <span class='ocrx_word' id='word_1_175' title='bbox 1021 2267 1212 2352; x_wconf 85' lang='lat' dir='ltr'><strong>Injuuotum</strong></span> <span class='ocrx_word' id='word_1_176' title='bbox 1227 2273 1277 2330; x_wconf 91' lang='lat' dir='ltr'><strong>est</strong></span> <span class='ocrx_word' id='word_1_177' title='bbox 1287 2267 1442 2352; x_wconf 86' lang='lat' dir='ltr'><strong>juratori-</strong></span> 
     </span>
     <span class='ocr_line' id='line_1_21' title="bbox 300 2353 1443 2439; baseline 0.002 -22"><span class='ocrx_word' id='word_1_178' title='bbox 300 2354 362 2417; x_wconf 89' lang='lat' dir='ltr'><strong>bus</strong></span> <span class='ocrx_word' id='word_1_179' title='bbox 387 2353 475 2437; x_wconf 86' lang='lat' dir='ltr'><strong>quod</strong></span> <span class='ocrx_word' id='word_1_180' title='bbox 496 2353 631 2418; x_wconf 87' lang='lat' dir='ltr'><strong>videant</strong></span> <span class='ocrx_word' id='word_1_181' title='bbox 652 2360 803 2438; x_wconf 80' lang='lat' dir='ltr'><strong>stagnum</strong></span> <span class='ocrx_word' id='word_1_182' title='bbox 824 2353 1004 2420; x_wconf 87' lang='lat' dir='ltr'><strong>molendini</strong></span> <span class='ocrx_word' id='word_1_183' title='bbox 1026 2359 1060 2418; x_wconf 90' lang='lat' dir='ltr'><strong>et</strong></span> <span class='ocrx_word' id='word_1_184' title='bbox 1080 2359 1278 2437; x_wconf 84' lang='lat' dir='ltr'><strong>praesentant</strong></span> <span class='ocrx_word' id='word_1_185' title='bbox 1301 2354 1370 2439; x_wconf 61' lang='lat' dir='ltr'><strong>[aar]</strong></span> <span class='ocrx_word' id='word_1_186' title='bbox 1398 2355 1443 2419; x_wconf 91' lang='lat' dir='ltr'><strong>ad</strong></span> 
     </span>
     <span class='ocr_line' id='line_1_22' title="bbox 299 2441 1443 2526; baseline 0 -22"><span class='ocrx_word' id='word_1_187' title='bbox 299 2459 389 2523; x_wconf 89' lang='lat' dir='ltr'><strong>prox.</strong></span> <span class='ocrx_word' id='word_1_188' title='bbox 411 2441 448 2503; x_wconf 94' lang='lat' dir='ltr'><strong>in</strong></span> <span class='ocrx_word' id='word_1_189' title='bbox 468 2448 629 2523; x_wconf 86' lang='lat' dir='ltr'><strong>quantum</strong></span> <span class='ocrx_word' id='word_1_190' title='bbox 650 2441 860 2506; x_wconf 86' lang='lat' dir='ltr'><strong>deterioratur</strong></span> <span class='ocrx_word' id='word_1_191' title='bbox 880 2461 938 2525; x_wconf 87' lang='lat' dir='ltr'><strong>per</strong></span> <span class='ocrx_word' id='word_1_192' title='bbox 959 2441 1162 2526; x_wconf 79' lang='lat' dir='ltr'><strong>fugaciouem</strong></span> <span class='ocrx_word' id='word_1_193' title='bbox 1183 2441 1381 2506; x_wconf 90' lang='lat' dir='ltr'><strong>animalium.</strong></span> <span class='ocrx_word' id='word_1_194' title='bbox 1395 2480 1443 2492; x_wconf 89' lang='lat'><em>-</em></span> 
     </span>
     <span class='ocr_line' id='line_1_23' title="bbox 301 2526 1441 2612; baseline 0.002 -22"><span class='ocrx_word' id='word_1_195' title='bbox 301 2526 493 2610; x_wconf 87' lang='lat' dir='ltr'><strong>Injuuotum</strong></span> <span class='ocrx_word' id='word_1_196' title='bbox 508 2534 558 2592; x_wconf 89' lang='lat' dir='ltr'><strong>est</strong></span> <span class='ocrx_word' id='word_1_197' title='bbox 572 2527 722 2592; x_wconf 90' lang='lat' dir='ltr'><strong>omnibus</strong></span> <span class='ocrx_word' id='word_1_198' title='bbox 737 2527 924 2592; x_wconf 89' lang='lat' dir='ltr'><strong>tenentibus</strong></span> <span class='ocrx_word' id='word_1_199' title='bbox 937 2528 1026 2592; x_wconf 83' lang='lat' dir='ltr'><strong>villae</strong></span> <span class='ocrx_word' id='word_1_200' title='bbox 1039 2527 1155 2612; x_wconf 80' lang='lat' dir='ltr'><strong>nequis</strong></span> <span class='ocrx_word' id='word_1_201' title='bbox 1170 2547 1281 2592; x_wconf 89' lang='lat' dir='ltr'><strong>eorum</strong></span> <span class='ocrx_word' id='word_1_202' title='bbox 1294 2533 1352 2591; x_wconf 90' lang='lat' dir='ltr'><strong>aut</strong></span> <span class='ocrx_word' id='word_1_203' title='bbox 1373 2549 1441 2592; x_wconf 91' lang='lat' dir='ltr'><strong>ser-</strong></span> 
     </span>
     <span class='ocr_line' id='line_1_24' title="bbox 300 2613 1441 2700; baseline 0.003 -23"><span class='ocrx_word' id='word_1_204' title='bbox 300 2614 399 2678; x_wconf 86' lang='lat' dir='ltr'><strong>vient.</strong></span> <span class='ocrx_word' id='word_1_205' title='bbox 415 2634 546 2678; x_wconf 89' lang='lat' dir='ltr'><strong>suorum</strong></span> <span class='ocrx_word' id='word_1_206' title='bbox 560 2615 651 2700; x_wconf 83' lang='lat' dir='ltr'><strong>fugat</strong></span> <span class='ocrx_word' id='word_1_207' title='bbox 664 2615 732 2699; x_wconf 78' lang='lat' dir='ltr'><strong>[sie]</strong></span> <span class='ocrx_word' id='word_1_208' title='bbox 749 2615 856 2679; x_wconf 90' lang='lat' dir='ltr'><strong>averia</strong></span> <span class='ocrx_word' id='word_1_209' title='bbox 867 2635 926 2679; x_wconf 89' lang='lat' dir='ltr'><strong>sua</strong></span> <span class='ocrx_word' id='word_1_210' title='bbox 936 2614 1022 2678; x_wconf 89' lang='lat' dir='ltr'><strong>ultra</strong></span> <span class='ocrx_word' id='word_1_211' title='bbox 1036 2620 1187 2698; x_wconf 82' lang='lat' dir='ltr'><strong>stagnum</strong></span> <span class='ocrx_word' id='word_1_212' title='bbox 1198 2613 1382 2680; x_wconf 87' lang='lat' dir='ltr'><strong>molendini</strong></span> <span class='ocrx_word' id='word_1_213' title='bbox 1395 2651 1441 2664; x_wconf 91' lang='lat'><strong>—·</strong></span> 
     </span>
     <span class='ocr_line' id='line_1_25' title="bbox 301 2701 1441 2787; baseline -0.001 -22"><span class='ocrx_word' id='word_1_214' title='bbox 301 2702 353 2765; x_wconf 88' lang='lat' dir='ltr'><strong>De</strong></span> <span class='ocrx_word' id='word_1_215' title='bbox 367 2701 463 2767; x_wconf 88' lang='lat' dir='ltr'><strong>Petro</strong></span> <span class='ocrx_word' id='word_1_216' title='bbox 478 2701 582 2766; x_wconf 85' lang='lat' dir='ltr'><strong>Snurt&#39;</strong></span> <span class='ocrx_word' id='word_1_217' title='bbox 598 2702 647 2785; x_wconf 79' lang='lat' dir='ltr'><strong>[or</strong></span> <span class='ocrx_word' id='word_1_218' title='bbox 662 2703 771 2787; x_wconf 86' lang='lat' dir='ltr'><strong>Suart]</strong></span> <span class='ocrx_word' id='word_1_219' title='bbox 787 2701 1022 2766; x_wconf 80' lang='lat' dir='ltr'><strong>molendinario</strong></span> <span class='ocrx_word' id='word_1_220' title='bbox 1038 2721 1097 2784; x_wconf 89' lang='lat' dir='ltr'><strong>pro</strong></span> <span class='ocrx_word' id='word_1_221' title='bbox 1115 2702 1129 2785; x_wconf 87' lang='lat' dir='ltr'><strong>j</strong></span> <span class='ocrx_word' id='word_1_222' title='bbox 1146 2721 1225 2766; x_wconf 85' lang='lat' dir='ltr'><strong>saco.</strong></span> <span class='ocrx_word' id='word_1_223' title='bbox 1241 2706 1275 2766; x_wconf 90' lang='grc'>61</span> <span class='ocrx_word' id='word_1_224' title='bbox 1285 2701 1299 2784; x_wconf 88' lang='lat' dir='ltr'><strong>j</strong></span> <span class='ocrx_word' id='word_1_225' title='bbox 1323 2702 1363 2765; x_wconf 86' lang='lat' dir='ltr'><strong>bz</strong></span> <span class='ocrx_word' id='word_1_226' title='bbox 1374 2701 1388 2786; x_wconf 91' lang='lat' dir='ltr'><strong>j</strong></span> <span class='ocrx_word' id='word_1_227' title='bbox 1405 2702 1441 2787; x_wconf 66' lang='lat' dir='ltr'><strong>P:</strong></span> 
     </span>
     <span class='ocr_line' id='line_1_26' title="bbox 299 2787 1440 2874; baseline 0.002 -23"><span class='ocrx_word' id='word_1_228' title='bbox 299 2789 455 2853; x_wconf 82' lang='lat' dir='ltr'><strong>immenti</strong></span> <span class='ocrx_word' id='word_1_229' title='bbox 465 2789 566 2874; x_wconf 83' lang='lat' dir='ltr'><strong>precii</strong></span> <span class='ocrx_word' id='word_1_230' title='bbox 582 2795 626 2854; x_wconf 78' lang='grc'><strong>26.</strong></span> <span class='ocrx_word' id='word_1_231' title='bbox 640 2788 689 2854; x_wconf 75' lang='lat' dir='ltr'><strong>td.</strong></span> <span class='ocrx_word' id='word_1_232' title='bbox 704 2789 741 2851; x_wconf 90' lang='lat' dir='ltr'><strong>in</strong></span> <span class='ocrx_word' id='word_1_233' title='bbox 750 2788 891 2853; x_wconf 82' lang='lat' dir='ltr'><strong>deffectu</strong></span> <span class='ocrx_word' id='word_1_234' title='bbox 901 2789 1005 2872; x_wconf 88' lang='lat' dir='ltr'><strong>ipsius</strong></span> <span class='ocrx_word' id='word_1_235' title='bbox 1015 2787 1105 2852; x_wconf 89' lang='lat' dir='ltr'><strong>Petri</strong></span> <span class='ocrx_word' id='word_1_236' title='bbox 1119 2789 1234 2852; x_wconf 86' lang='lat' dir='ltr'><strong>furatis</strong></span> <span class='ocrx_word' id='word_1_237' title='bbox 1248 2789 1289 2852; x_wconf 87' lang='lat' dir='ltr'><strong>de</strong></span> <span class='ocrx_word' id='word_1_238' title='bbox 1299 2788 1440 2853; x_wconf 88' lang='lat' dir='ltr'><strong>molend.</strong></span> 
     </span>
     <span class='ocr_line' id='line_1_27' title="bbox 297 2874 1440 2961; baseline 0.001 -22"><span class='ocrx_word' id='word_1_239' title='bbox 297 2881 395 2959; x_wconf 88' lang='lat' dir='ltr'><strong>prout</strong></span> <span class='ocrx_word' id='word_1_240' title='bbox 416 2882 617 2961; x_wconf 83' lang='lat' dir='ltr'><strong>compertum</strong></span> <span class='ocrx_word' id='word_1_241' title='bbox 639 2881 688 2941; x_wconf 87' lang='lat' dir='ltr'><strong>est</strong></span> <span class='ocrx_word' id='word_1_242' title='bbox 708 2895 767 2958; x_wconf 90' lang='lat' dir='ltr'><strong>per</strong></span> <span class='ocrx_word' id='word_1_243' title='bbox 788 2875 862 2958; x_wconf 72' lang='lat' dir='ltr'><strong>jur„</strong></span> <span class='ocrx_word' id='word_1_244' title='bbox 882 2875 970 2939; x_wconf 90' lang='lat' dir='ltr'><strong>unde</strong></span> <span class='ocrx_word' id='word_1_245' title='bbox 995 2874 1152 2939; x_wconf 82' lang='lat' dir='ltr'><strong>medietas</strong></span> <span class='ocrx_word' id='word_1_246' title='bbox 1173 2874 1378 2952; x_wconf 73' lang='lat' dir='ltr'><strong>relaxabitur,</strong></span> <span class='ocrx_word' id='word_1_247' title='bbox 1400 2896 1440 2940; x_wconf 92' lang='lat' dir='ltr'><strong>eo</strong></span> 
     </span>
     <span class='ocr_line' id='line_1_28' title="bbox 298 2960 1439 3047; baseline 0.001 -22"><span class='ocrx_word' id='word_1_248' title='bbox 298 2963 385 3046; x_wconf 91' lang='lat' dir='ltr'><strong>quod</strong></span> <span class='ocrx_word' id='word_1_249' title='bbox 398 2963 536 3045; x_wconf 88' lang='lat' dir='ltr'><strong>parietes</strong></span> <span class='ocrx_word' id='word_1_250' title='bbox 552 2963 718 3046; x_wconf 68' lang='lat' dir='ltr'><strong>[morsos</strong></span> <span class='ocrx_word' id='word_1_251' title='bbox 738 2969 756 2996; x_wconf 90' lang='lat'>“</span> <span class='ocrx_word' id='word_1_252' title='bbox 767 2962 924 3047; x_wconf 78' lang='lat' dir='ltr'><strong>portae&#39;’i]</strong></span> <span class='ocrx_word' id='word_1_253' title='bbox 939 2961 1087 3045; x_wconf 84' lang='lat' dir='ltr'><strong>praedioti</strong></span> <span class='ocrx_word' id='word_1_254' title='bbox 1108 2960 1287 3025; x_wconf 86' lang='lat' dir='ltr'><strong>molendini</strong></span> <span class='ocrx_word' id='word_1_255' title='bbox 1304 2963 1439 3026; x_wconf 90' lang='lat' dir='ltr'><strong>fuerunt</strong></span> 
     </span>
     <span class='ocr_line' id='line_1_29' title="bbox 298 3047 1441 3220; baseline 0.001 -22"><span class='ocrx_word' id='word_1_256' title='bbox 298 3049 850 3220; x_wconf 67' lang='lat' dir='ltr'><strong>aar:.umm</strong></span> <span class='ocrx_word' id='word_1_257' title='bbox 865 3048 1072 3200; x_wconf 57' lang='lat' dir='ltr'><strong>areu</strong></span> <span class='ocrx_word' id='word_1_258' title='bbox 1092 3047 1441 3217; x_wconf 69' lang='lat' dir='ltr'><strong>remam</strong></span> 
     </span>
     <span class='ocr_line' id='line_1_30' title="bbox 298 3221 1441 3306; baseline -0.002 -18"><span class='ocrx_word' id='word_1_259' title='bbox 298 3223 459 3306; x_wconf 85' lang='lat' dir='ltr'><strong>eotagium</strong></span> <span class='ocrx_word' id='word_1_260' title='bbox 476 3224 563 3306; x_wconf 92' lang='lat' dir='ltr'><strong>quod</strong></span> <span class='ocrx_word' id='word_1_261' title='bbox 586 3224 609 3287; x_wconf 89' lang='lat' dir='ltr'><strong>J</strong></span> <span class='ocrx_word' id='word_1_262' title='bbox 610 3222 754 3287; x_wconf 87' lang='lat' dir='ltr'><strong>ohannes</strong></span> <span class='ocrx_word' id='word_1_263' title='bbox 770 3221 931 3287; x_wconf 87' lang='lat' dir='ltr'><strong>Stoutlok&#39;</strong></span> <span class='ocrx_word' id='word_1_264' title='bbox 945 3221 1036 3306; x_wconf 90' lang='lat' dir='ltr'><strong>prius</strong></span> <span class='ocrx_word' id='word_1_265' title='bbox 1055 3221 1164 3286; x_wconf 89' lang='lat' dir='ltr'><strong>tenuit</strong></span> <span class='ocrx_word' id='word_1_266' title='bbox 1178 3227 1212 3286; x_wconf 89' lang='lat' dir='ltr'><strong>et</strong></span> <span class='ocrx_word' id='word_1_267' title='bbox 1225 3239 1354 3284; x_wconf 90' lang='lat' dir='ltr'><strong>sursum</strong></span> <span class='ocrx_word' id='word_1_268' title='bbox 1368 3221 1441 3286; x_wconf 89' lang='lat' dir='ltr'><strong>red-</strong></span> 
     </span>
     <span class='ocr_line' id='line_1_31' title="bbox 298 3306 1440 3390; baseline 0.003 -21"><span class='ocrx_word' id='word_1_269' title='bbox 298 3307 400 3372; x_wconf 87' lang='lat' dir='ltr'><strong>didit:</strong></span> <span class='ocrx_word' id='word_1_270' title='bbox 425 3309 561 3374; x_wconf 91' lang='lat' dir='ltr'><strong>habend.</strong></span> <span class='ocrx_word' id='word_1_271' title='bbox 577 3316 611 3372; x_wconf 90' lang='lat' dir='ltr'><strong>et</strong></span> <span class='ocrx_word' id='word_1_272' title='bbox 624 3309 752 3373; x_wconf 88' lang='lat' dir='ltr'><strong>tenend.</strong></span> <span class='ocrx_word' id='word_1_273' title='bbox 768 3308 809 3373; x_wconf 87' lang='lat' dir='ltr'><strong>ad</strong></span> <span class='ocrx_word' id='word_1_274' title='bbox 823 3314 914 3374; x_wconf 88' lang='lat' dir='ltr'><strong>term</strong></span> <span class='ocrx_word' id='word_1_275' title='bbox 929 3309 1007 3372; x_wconf 77' lang='lat' dir='ltr'><strong>vita</strong></span> <span class='ocrx_word' id='word_1_276' title='bbox 1033 3327 1117 3372; x_wconf 85' lang='lat' dir='ltr'><strong>suae:</strong></span> <span class='ocrx_word' id='word_1_277' title='bbox 1138 3307 1226 3373; x_wconf 89' lang='lat' dir='ltr'><strong>redd.</strong></span> <span class='ocrx_word' id='word_1_278' title='bbox 1241 3313 1338 3390; x_wconf 89' lang='lat' dir='ltr'><strong>prout</strong></span> <span class='ocrx_word' id='word_1_279' title='bbox 1352 3306 1440 3372; x_wconf 86' lang='lat' dir='ltr'><strong>idem</strong></span> 
     </span>
     <span class='ocr_line' id='line_1_32' title="bbox 297 3393 1438 3479; baseline 0.003 -22"><span class='ocrx_word' id='word_1_280' title='bbox 297 3395 320 3457; x_wconf 86' lang='lat' dir='ltr'><strong>J</strong></span> <span class='ocrx_word' id='word_1_281' title='bbox 322 3393 464 3458; x_wconf 89' lang='lat' dir='ltr'><strong>ohannes</strong></span> <span class='ocrx_word' id='word_1_282' title='bbox 478 3394 637 3458; x_wconf 89' lang='lat' dir='ltr'><strong>reddidit:</strong></span> <span class='ocrx_word' id='word_1_283' title='bbox 658 3394 844 3479; x_wconf 82' lang='lat' dir='ltr'><strong>incipiendo</strong></span> <span class='ocrx_word' id='word_1_284' title='bbox 869 3395 993 3460; x_wconf 87' lang='lat' dir='ltr'><strong>solvere</strong></span> <span class='ocrx_word' id='word_1_285' title='bbox 1016 3393 1058 3458; x_wconf 90' lang='lat' dir='ltr'><strong>ad</strong></span> <span class='ocrx_word' id='word_1_286' title='bbox 1082 3394 1203 3459; x_wconf 86' lang='lat' dir='ltr'><strong>festum</strong></span> <span class='ocrx_word' id='word_1_287' title='bbox 1227 3395 1324 3459; x_wconf 83' lang='lat' dir='ltr'><strong>Mart.</strong></span> <span class='ocrx_word' id='word_1_288' title='bbox 1347 3414 1438 3478; x_wconf 73' lang='lat' dir='ltr'><strong>pron</strong></span> 
     </span>
     <span class='ocr_line' id='line_1_33' title="bbox 296 3480 1438 3565; baseline 0.001 -21"><span class='ocrx_word' id='word_1_289' title='bbox 296 3481 452 3544; x_wconf 84' lang='lat' dir='ltr'><strong>futurum.</strong></span> <span class='ocrx_word' id='word_1_290' title='bbox 497 3481 584 3564; x_wconf 81' lang='lat' dir='ltr'><strong>Pleg.</strong></span> <span class='ocrx_word' id='word_1_291' title='bbox 599 3517 612 3527; x_wconf 95' lang='lat'>-</span> <span class='ocrx_word' id='word_1_292' title='bbox 628 3516 642 3527; x_wconf 98' lang='lat'>-</span> <span class='ocrx_word' id='word_1_293' title='bbox 658 3481 811 3546; x_wconf 86' lang='lat' dir='ltr'><strong>Gers&#39;m’a</strong></span> <span class='ocrx_word' id='word_1_294' title='bbox 834 3487 878 3548; x_wconf 84' lang='lat' dir='ltr'><strong>2s.</strong></span> <span class='ocrx_word' id='word_1_295' title='bbox 922 3481 966 3544; x_wconf 87' lang='lat' dir='ltr'><strong>Et</strong></span> <span class='ocrx_word' id='word_1_296' title='bbox 980 3480 1147 3546; x_wconf 79' lang='lat' dir='ltr'><strong>sciendum</strong></span> <span class='ocrx_word' id='word_1_297' title='bbox 1161 3481 1249 3564; x_wconf 91' lang='lat' dir='ltr'><strong>quod</strong></span> <span class='ocrx_word' id='word_1_298' title='bbox 1263 3480 1438 3565; x_wconf 72' lang='lat' dir='ltr'><strong>praediatus</strong></span> 
     </span>
     <span class='ocr_line' id='line_1_34' title="bbox 296 3566 1440 3651; baseline 0.001 -19"><span class='ocrx_word' id='word_1_299' title='bbox 296 3567 456 3633; x_wconf 88' lang='lat' dir='ltr'><strong>Robertus</strong></span> <span class='ocrx_word' id='word_1_300' title='bbox 477 3567 612 3633; x_wconf 85' lang='lat' dir='ltr'><strong>habebit</strong></span> <span class='ocrx_word' id='word_1_301' title='bbox 633 3566 673 3632; x_wconf 91' lang='lat' dir='ltr'><strong>de</strong></span> <span class='ocrx_word' id='word_1_302' title='bbox 694 3567 718 3632; x_wconf 85' lang='lat' dir='ltr'>J</span> <span class='ocrx_word' id='word_1_303' title='bbox 719 3567 847 3633; x_wconf 90' lang='lat' dir='ltr'><strong>ohanne</strong></span> <span class='ocrx_word' id='word_1_304' title='bbox 873 3567 1032 3632; x_wconf 87' lang='lat' dir='ltr'><strong>Stoutlok&#39;</strong></span> <span class='ocrx_word' id='word_1_305' title='bbox 1054 3587 1113 3651; x_wconf 90' lang='lat' dir='ltr'><strong>pro</strong></span> <span class='ocrx_word' id='word_1_306' title='bbox 1139 3567 1269 3651; x_wconf 85' lang='lat' dir='ltr'><strong>dampn&#39;</strong></span> <span class='ocrx_word' id='word_1_307' title='bbox 1291 3567 1440 3651; x_wconf 77' lang='lat' dir='ltr'><strong>pradieti</strong></span> 
     </span>
     <span class='ocr_line' id='line_1_35' title="bbox 296 3653 1100 3740; baseline -0.002 -20"><span class='ocrx_word' id='word_1_308' title='bbox 296 3655 415 3740; x_wconf 83' lang='lat' dir='ltr'><strong>eotagii</strong></span> <span class='ocrx_word' id='word_1_309' title='bbox 431 3660 475 3720; x_wconf 88' lang='lat' dir='ltr'><strong>6s.</strong></span> <span class='ocrx_word' id='word_1_310' title='bbox 492 3655 542 3720; x_wconf 84' lang='lat' dir='ltr'><strong>sd.</strong></span> <span class='ocrx_word' id='word_1_311' title='bbox 558 3661 592 3720; x_wconf 88' lang='lat' dir='ltr'><strong>et</strong></span> <span class='ocrx_word' id='word_1_312' title='bbox 606 3654 752 3718; x_wconf 89' lang='lat' dir='ltr'><strong>dimittet</strong></span> <span class='ocrx_word' id='word_1_313' title='bbox 765 3655 801 3718; x_wconf 90' lang='lat' dir='ltr'><strong>in</strong></span> <span class='ocrx_word' id='word_1_314' title='bbox 816 3653 990 3718; x_wconf 77' lang='lat' dir='ltr'><strong>sufficienti</strong></span> <span class='ocrx_word' id='word_1_315' title='bbox 1005 3659 1100 3718; x_wconf 89' lang='lat' dir='ltr'><strong>statu</strong></span> 
     </span>
    </p>

    <p class='ocr_par' dir='ltr' id='par_1_4' title="bbox 295 3739 1521 4606">
     <span class='ocr_line' id='line_1_36' title="bbox 342 3739 1440 3826; baseline -0.001 -20"><span class='ocrx_word' id='word_1_316' title='bbox 342 3744 575 3809; x_wconf 71' lang='lat' dir='ltr'><strong>Bmmrenrm</strong></span> <span class='ocrx_word' id='word_1_317' title='bbox 620 3742 814 3826; x_wconf 89' lang='lat' dir='ltr'><strong>Injuuotum</strong></span> <span class='ocrx_word' id='word_1_318' title='bbox 841 3746 890 3804; x_wconf 88' lang='lat' dir='ltr'><strong>est</strong></span> <span class='ocrx_word' id='word_1_319' title='bbox 912 3739 1007 3805; x_wconf 91' lang='lat' dir='ltr'><strong>utin</strong></span> <span class='ocrx_word' id='word_1_320' title='bbox 1029 3740 1147 3804; x_wconf 88' lang='lat' dir='ltr'><strong>ultima</strong></span> <span class='ocrx_word' id='word_1_321' title='bbox 1173 3739 1263 3804; x_wconf 89' lang='lat' dir='ltr'><strong>ouria</strong></span> <span class='ocrx_word' id='word_1_322' title='bbox 1288 3739 1440 3805; x_wconf 90' lang='lat' dir='ltr'><strong>omnibus</strong></span> 
     </span>
     <span class='ocr_line' id='line_1_37' title="bbox 297 3825 1442 3912; baseline 0 -20"><span class='ocrx_word' id='word_1_323' title='bbox 297 3831 485 3896; x_wconf 88' lang='lat' dir='ltr'><strong>tenentibus</strong></span> <span class='ocrx_word' id='word_1_324' title='bbox 507 3831 595 3896; x_wconf 77' lang='lat' dir='ltr'><strong>villa</strong></span> <span class='ocrx_word' id='word_1_325' title='bbox 616 3828 704 3912; x_wconf 92' lang='lat' dir='ltr'><strong>quod</strong></span> <span class='ocrx_word' id='word_1_326' title='bbox 730 3827 870 3912; x_wconf 88' lang='lat' dir='ltr'><strong>reparari</strong></span> <span class='ocrx_word' id='word_1_327' title='bbox 891 3827 1014 3891; x_wconf 83' lang='lat' dir='ltr'><strong>iaciant</strong></span> <span class='ocrx_word' id='word_1_328' title='bbox 1034 3827 1066 3891; x_wconf 90' lang='lat' dir='ltr'><strong>le</strong></span> <span class='ocrx_word' id='word_1_329' title='bbox 1087 3825 1293 3892; x_wconf 87' lang='lat' dir='ltr'><strong>Wethercot&#39;.</strong></span> <span class='ocrx_word' id='word_1_330' title='bbox 1337 3827 1442 3911; x_wconf 75' lang='lat' dir='ltr'><strong>[Vide</strong></span> 
     </span>
     <span class='ocr_line' id='line_1_38' title="bbox 300 3913 1440 4000; baseline -0.001 -22"><span class='ocrx_word' id='word_1_331' title='bbox 300 3920 395 3994; x_wconf 81' lang='lat'><strong>1370,</strong></span> <span class='ocrx_word' id='word_1_332' title='bbox 409 3917 450 4000; x_wconf 79' lang='lat' dir='ltr'><strong>L]</strong></span> <span class='ocrx_word' id='word_1_333' title='bbox 462 3957 506 3967; x_wconf 96' lang='lat'>—</span> <span class='ocrx_word' id='word_1_334' title='bbox 517 3919 540 3982; x_wconf 88' lang='lat' dir='ltr'><strong>J</strong></span> <span class='ocrx_word' id='word_1_335' title='bbox 541 3918 683 3982; x_wconf 86' lang='lat' dir='ltr'><strong>ohannes</strong></span> <span class='ocrx_word' id='word_1_336' title='bbox 698 3916 839 3979; x_wconf 83' lang='lat' dir='ltr'><strong>Temseu</strong></span> <span class='ocrx_word' id='word_1_337' title='bbox 852 3914 946 3978; x_wconf 81' lang='lat' dir='ltr'><strong>veuit</strong></span> <span class='ocrx_word' id='word_1_338' title='bbox 960 3919 993 3978; x_wconf 89' lang='grc'>61</span> <span class='ocrx_word' id='word_1_339' title='bbox 1007 3913 1121 3998; x_wconf 87' lang='lat' dir='ltr'><strong>oepitj</strong></span> <span class='ocrx_word' id='word_1_340' title='bbox 1137 3913 1300 3998; x_wconf 87' lang='lat' dir='ltr'><strong>ootagium</strong></span> <span class='ocrx_word' id='word_1_341' title='bbox 1321 3913 1440 3978; x_wconf 92' lang='lat' dir='ltr'><strong>ultimo</strong></span> 
     </span>
     <span class='ocr_line' id='line_1_39' title="bbox 297 3999 1439 4078; baseline 0.002 -15"><span class='ocrx_word' id='word_1_342' title='bbox 297 4001 334 4064; x_wconf 91' lang='lat' dir='ltr'><strong>in</strong></span> <span class='ocrx_word' id='word_1_343' title='bbox 359 4009 475 4067; x_wconf 90' lang='lat' dir='ltr'><strong>tenura</strong></span> <span class='ocrx_word' id='word_1_344' title='bbox 500 4003 628 4068; x_wconf 88' lang='lat' dir='ltr'><strong>Matild’</strong></span> <span class='ocrx_word' id='word_1_345' title='bbox 652 4004 740 4078; x_wconf 80' lang='lat' dir='ltr'><strong>Baro,</strong></span> <span class='ocrx_word' id='word_1_346' title='bbox 763 4001 901 4066; x_wconf 87' lang='lat' dir='ltr'><strong>habend’</strong></span> <span class='ocrx_word' id='word_1_347' title='bbox 924 4009 958 4065; x_wconf 89' lang='lat' dir='ltr'><strong>et</strong></span> <span class='ocrx_word' id='word_1_348' title='bbox 983 4001 1048 4064; x_wconf 92' lang='lat' dir='ltr'><strong>ten’</strong></span> <span class='ocrx_word' id='word_1_349' title='bbox 1070 3999 1112 4064; x_wconf 90' lang='lat' dir='ltr'><strong>ad</strong></span> <span class='ocrx_word' id='word_1_350' title='bbox 1138 4004 1229 4064; x_wconf 87' lang='lat' dir='ltr'><strong>term.</strong></span> <span class='ocrx_word' id='word_1_351' title='bbox 1251 3999 1330 4064; x_wconf 74' lang='lat' dir='ltr'><strong>vies</strong></span> <span class='ocrx_word' id='word_1_352' title='bbox 1352 4019 1439 4065; x_wconf 79' lang='lat' dir='ltr'><strong>suae:</strong></span> 
     </span>
     <span class='ocr_line' id='line_1_40' title="bbox 296 4085 1439 4172; baseline 0.002 -23"><span class='ocrx_word' id='word_1_353' title='bbox 296 4087 384 4152; x_wconf 92' lang='lat' dir='ltr'><strong>redd.</strong></span> <span class='ocrx_word' id='word_1_354' title='bbox 408 4090 577 4172; x_wconf 88' lang='lat' dir='ltr'><strong>antiquam</strong></span> <span class='ocrx_word' id='word_1_355' title='bbox 598 4089 724 4152; x_wconf 91' lang='lat' dir='ltr'><strong>firmam</strong></span> <span class='ocrx_word' id='word_1_356' title='bbox 746 4093 780 4152; x_wconf 87' lang='lat' dir='ltr'><strong>et</strong></span> <span class='ocrx_word' id='word_1_357' title='bbox 801 4086 914 4152; x_wconf 83' lang='lat' dir='ltr'><strong>eervis&#39;</strong></span> <span class='ocrx_word' id='word_1_358' title='bbox 937 4086 1015 4172; x_wconf 80' lang='lat' dir='ltr'><strong>[so]:</strong></span> <span class='ocrx_word' id='word_1_359' title='bbox 1040 4085 1226 4171; x_wconf 81' lang='lat' dir='ltr'><strong>incipiendo</strong></span> <span class='ocrx_word' id='word_1_360' title='bbox 1248 4085 1373 4151; x_wconf 87' lang='lat' dir='ltr'><strong>solvere</strong></span> <span class='ocrx_word' id='word_1_361' title='bbox 1397 4086 1439 4151; x_wconf 88' lang='lat' dir='ltr'><strong>ad</strong></span> 
     </span>
     <span class='ocr_line' id='line_1_41' title="bbox 295 4172 1521 4258; baseline 0 -21"><span class='ocrx_word' id='word_1_362' title='bbox 295 4173 417 4238; x_wconf 83' lang='lat' dir='ltr'><strong>festum</strong></span> <span class='ocrx_word' id='word_1_363' title='bbox 440 4174 471 4240; x_wconf 86' lang='lat' dir='ltr'><strong>S.</strong></span> <span class='ocrx_word' id='word_1_364' title='bbox 487 4175 626 4239; x_wconf 83' lang='lat' dir='ltr'><strong>Martini</strong></span> <span class='ocrx_word' id='word_1_365' title='bbox 646 4193 735 4258; x_wconf 81' lang='lat' dir='ltr'><strong>prox.</strong></span> <span class='ocrx_word' id='word_1_366' title='bbox 751 4175 916 4238; x_wconf 88' lang='lat' dir='ltr'><strong>futurum:</strong></span> <span class='ocrx_word' id='word_1_367' title='bbox 938 4173 1025 4258; x_wconf 85' lang='lat' dir='ltr'><strong>Plag.</strong></span> <span class='ocrx_word' id='word_1_368' title='bbox 1040 4175 1063 4239; x_wconf 87' lang='lat' dir='ltr'><strong>J</strong></span> <span class='ocrx_word' id='word_1_369' title='bbox 1065 4172 1208 4238; x_wconf 87' lang='lat' dir='ltr'><strong>ohannes</strong></span> <span class='ocrx_word' id='word_1_370' title='bbox 1229 4172 1317 4237; x_wconf 89' lang='lat' dir='ltr'><strong>filius</strong></span> <span class='ocrx_word' id='word_1_371' title='bbox 1335 4173 1439 4237; x_wconf 82' lang='lat' dir='ltr'><strong>Alex-</strong></span> <span class='ocrx_word' id='word_1_372' title='bbox 1516 4192 1521 4199; x_wconf 91' lang='lat'>·</span> 
     </span>
     <span class='ocr_line' id='line_1_42' title="bbox 296 4259 1438 4343; baseline -0.001 -18"><span class='ocrx_word' id='word_1_373' title='bbox 296 4260 408 4325; x_wconf 88' lang='lat' dir='ltr'><strong>andri:</strong></span> <span class='ocrx_word' id='word_1_374' title='bbox 430 4260 583 4326; x_wconf 86' lang='lat' dir='ltr'><strong>Gres&#39;m’a</strong></span> <span class='ocrx_word' id='word_1_375' title='bbox 606 4260 656 4325; x_wconf 85' lang='lat' dir='ltr'><strong>sd.</strong></span> <span class='ocrx_word' id='word_1_376' title='bbox 700 4261 744 4324; x_wconf 89' lang='lat' dir='ltr'><strong>Et</strong></span> <span class='ocrx_word' id='word_1_377' title='bbox 757 4260 930 4343; x_wconf 76' lang='lat' dir='ltr'><strong>pradictus</strong></span> <span class='ocrx_word' id='word_1_378' title='bbox 945 4259 1113 4326; x_wconf 88' lang='lat' dir='ltr'><strong>Johannes</strong></span> <span class='ocrx_word' id='word_1_379' title='bbox 1135 4259 1328 4343; x_wconf 82' lang='lat' dir='ltr'><strong>praedietum</strong></span> <span class='ocrx_word' id='word_1_380' title='bbox 1351 4265 1438 4325; x_wconf 85' lang='lat' dir='ltr'><strong>eota·</strong></span> 
     </span>
     <span class='ocr_line' id='line_1_43' title="bbox 295 4347 1437 4432; baseline 0 -21"><span class='ocrx_word' id='word_1_381' title='bbox 295 4348 385 4432; x_wconf 83' lang='lat' dir='ltr'><strong>glum</strong></span> <span class='ocrx_word' id='word_1_382' title='bbox 407 4347 442 4411; x_wconf 93' lang='lat' dir='ltr'><strong>in</strong></span> <span class='ocrx_word' id='word_1_383' title='bbox 465 4347 639 4413; x_wconf 80' lang='lat' dir='ltr'><strong>sufficienti</strong></span> <span class='ocrx_word' id='word_1_384' title='bbox 661 4351 749 4411; x_wconf 87' lang='lat' dir='ltr'><strong>statu</strong></span> <span class='ocrx_word' id='word_1_385' title='bbox 764 4347 909 4410; x_wconf 86' lang='lat' dir='ltr'><strong>dimittet</strong></span> <span class='ocrx_word' id='word_1_386' title='bbox 923 4347 1001 4430; x_wconf 86' lang='lat' dir='ltr'><strong>quis</strong></span> <span class='ocrx_word' id='word_1_387' title='bbox 1023 4347 1110 4430; x_wconf 89' lang='lat' dir='ltr'><strong>oepit</strong></span> <span class='ocrx_word' id='word_1_388' title='bbox 1127 4352 1193 4410; x_wconf 85' lang='lat' dir='ltr'><strong>los.</strong></span> <span class='ocrx_word' id='word_1_389' title='bbox 1210 4366 1269 4430; x_wconf 89' lang='lat' dir='ltr'><strong>pro</strong></span> <span class='ocrx_word' id='word_1_390' title='bbox 1284 4347 1437 4411; x_wconf 88' lang='lat' dir='ltr'><strong>emenda·</strong></span> 
     </span>
     <span class='ocr_line' id='line_1_44' title="bbox 295 4432 1436 4518; baseline -0.001 -19"><span class='ocrx_word' id='word_1_391' title='bbox 295 4437 388 4500; x_wconf 88' lang='lat' dir='ltr'><strong>eione</strong></span> <span class='ocrx_word' id='word_1_392' title='bbox 409 4435 555 4518; x_wconf 89' lang='lat' dir='ltr'><strong>praedioti</strong></span> <span class='ocrx_word' id='word_1_393' title='bbox 576 4433 902 4518; x_wconf 82' lang='lat' dir='ltr'><strong>ootagii.-Thomas</strong></span> <span class='ocrx_word' id='word_1_394' title='bbox 925 4433 1053 4517; x_wconf 84' lang='lat' dir='ltr'><strong>Gouper</strong></span> <span class='ocrx_word' id='word_1_395' title='bbox 1066 4434 1160 4498; x_wconf 85' lang='lat' dir='ltr'><strong>venit</strong></span> <span class='ocrx_word' id='word_1_396' title='bbox 1174 4439 1208 4498; x_wconf 90' lang='lat' dir='ltr'><strong>et</strong></span> <span class='ocrx_word' id='word_1_397' title='bbox 1230 4432 1316 4516; x_wconf 87' lang='lat' dir='ltr'><strong>oepit</strong></span> <span class='ocrx_word' id='word_1_398' title='bbox 1330 4453 1436 4498; x_wconf 90' lang='lat' dir='ltr'><strong>unum</strong></span> 
     </span>
     <span class='ocr_line' id='line_1_45' title="bbox 295 4519 1436 4606; baseline -0.001 -21"><span class='ocrx_word' id='word_1_399' title='bbox 295 4523 458 4606; x_wconf 78' lang='lat' dir='ltr'><strong>rotagium</strong></span> <span class='ocrx_word' id='word_1_400' title='bbox 468 4522 585 4586; x_wconf 90' lang='lat' dir='ltr'><strong>ultimo</strong></span> <span class='ocrx_word' id='word_1_401' title='bbox 596 4523 631 4586; x_wconf 90' lang='lat' dir='ltr'><strong>in</strong></span> <span class='ocrx_word' id='word_1_402' title='bbox 645 4528 761 4586; x_wconf 87' lang='lat' dir='ltr'><strong>tenura</strong></span> <span class='ocrx_word' id='word_1_403' title='bbox 771 4520 930 4585; x_wconf 91' lang='lat' dir='ltr'><strong>Willelmi</strong></span> <span class='ocrx_word' id='word_1_404' title='bbox 941 4520 1171 4586; x_wconf 87' lang='lat' dir='ltr'><strong>Rinothewod:</strong></span> <span class='ocrx_word' id='word_1_405' title='bbox 1185 4519 1323 4585; x_wconf 85' lang='lat' dir='ltr'><strong>haband.</strong></span> <span class='ocrx_word' id='word_1_406' title='bbox 1337 4519 1436 4606; x_wconf 87' lang='lat' dir='ltr'><strong>[eta].</strong></span> 
     </span>
    </p>
   </div>
   <div class='ocr_carea' id='block_1_3' title="bbox 0 0 1644 5204">
    <p class='ocr_par' dir='ltr' id='par_1_5' title="bbox 0 0 1644 5204">
     <span class='ocr_line' id='line_1_46' title="bbox 0 0 1644 5204; baseline 0 1"><span class='ocrx_word' id='word_1_407' title='bbox 0 0 1644 5204; x_wconf 95' lang='lat' dir='ltr'><strong> </strong></span> 
     </span>
    </p>
   </div>
  </div>
 </body>
</html>
