3056 5222
116 979 377 1057 HALMOTA
407 979 710 1058 PRIORATUS
741 981 1132 1060 DUNELMENSIS.

102 1247 196 1306 1296.
219 1243 423 1307 I.-Pnruns
445 1243 583 1307 Turnus
599 1242 1023 1320 Auu1‚nro.,Nouronsurr
1046 1242 1198 1307 sam.-

58 1379 64 1391 .
87 1379 94 1391 .
119 1379 125 1392 .
152 1327 320 1412 [Halmota
341 1334 433 1393 tenta
455 1329 554 1413 apud]
571 1329 733 1393 Heberine
748 1329 801 1393 die
822 1329 915 1393 Jovis
931 1328 1023 1414 [May
1040 1329 1093 1414 23]
1108 1349 1197 1413 prox.

58 1420 132 1479 ante
154 1417 276 1480 festum
298 1415 391 1480 Beati
412 1415 590 1499 Augustini
614 1415 706 1498 [May
723 1415 777 1500 26]
800 1435 894 1492 anno,
909 1421 977 1492 etc,
993 1415 1197 1500 nonagesimo

59 1507 149 1564 sexto
165 1500 216 1583 [=
226 1502 277 1587 G}
299 1553 306 1567 .
331 1553 337 1567 .
361 1553 368 1566 .
391 1502 511 1566 Felicia
521 1501 633 1567 relicta
648 1501 1198 1586 Nicholaicepitbondagiumquod

57 1587 107 1650 vir
117 1609 197 1653 suus
211 1590 326 1666 tenuit,
340 1595 373 1652 et
388 1588 478 1653 dabit
491 1588 532 1651 ad
547 1589 680 1672 gemam
695 1588 865 1652 dimidium
880 1608 994 1652 marcae
1008 1589 1198 1654 solvendum

59 1674 98 1736 ad
122 1675 244 1739 festum
264 1676 300 1738 B.
316 1675 488 1739 Michaelis
509 1695 597 1758 prox.
613 1679 794 1739 venturum.
833 1675 951 1760 Plegiis
978 1675 1107 1739 Simone
1130 1675 1197 1738 filio

61 1761 176 1844 Rogeri
198 1768 231 1825 et
246 1761 418 1845 Radulpho
441 1762 563 1825 Sutore.
575 1761 736 1825 —Alicia
757 1761 869 1826 relicta
883 1761 974 1845 Elyae
989 1762 1075 1845 cepit
1096 1760 1198 1824 bond-

61 1848 167 1930 agium
192 1848 278 1931 quod
305 1849 356 1911 vir
378 1849 447 1930 ejus
470 1848 585 1922 tenuit,
607 1853 640 1912 et
664 1848 754 1912 dabit
776 1868 833 1931 pro
855 1848 954 1930 g’sma
980 1848 1037 1930 xiij
1055 1867 1079 1910 s.
1101 1848 1149 1930 iiij
1167 1847 1197 1911 d.

62 1934 230 1998 solvendos
245 1934 287 1997 ad
301 1935 421 1998 festum
445 1936 480 1999 B.
502 1932 681 1998 Michaelis.
726 1934 811 2017 Pleg.
834 1933 1005 2016 Radulpho
1029 1934 1143 1998 Sutore
1165 1939 1198 1997 et

63 2020 206 2084 Galfrr'do
229 2021 407 2104 praeposito.
419 2021 596 2084 -Eadem
609 2020 718 2084 Alicia
741 2021 828 2103 cepit
843 2019 922 2083 duas
938 2039 1026 2083 acras
1048 2019 1199 2085 frussurae

64 2127 140 2188 quas
155 2107 207 2170 vir
222 2128 299 2171 suus
314 2109 431 2183 tenuit,
442 2107 604 2171 reddendo
618 2128 648 2191 p.
665 2127 690 2170 a.
709 2113 763 2184 ts,
777 2112 810 2170 et
824 2111 873 2170 est
887 2107 1122 2170 incrementum
1138 2107 1189 2171 lu

105 2193 302 2278 [limum.
346 2195 457 2277 Agnes
476 2193 575 2256 Duke
597 2194 684 2277 cepit
697 2193 817 2257 toltum
839 2199 872 2258 et
893 2197 1011 2257 terram
1027 2214 1126 2278 quam
1148 2193 1200 2257 vir

66 2299 138 2342 suus
152 2281 268 2357 tenuit,
283 2280 444 2344 reddendo
460 2287 493 2344 et
504 2279 649 2344 faciendo
666 2280 799 2344 servicia
813 2285 974 2358 consueta,
989 2285 1023 2344 et
1037 2280 1128 2345 dabit
1141 2300 1199 2363 pro

65 2365 159 2448 g'sma
178 2372 222 2430 ts.
236 2366 285 2430 ad.
330 2367 416 2450 Pleg.
432 2367 454 2430 J
456 2366 583 2430 ohanne
597 2365 663 2430 filio
678 2365 767 2430 Adae.

106 2503 141 2516 ..
165 2504 172 2517 .
196 2453 498 2516 HPARsPurrrran’.
545 2453 665 2518 Omnes
675 2451 821 2517 homines
832 2452 983 2517 villarum
995 2451 1035 2517 de
1046 2451 1198 2536 Putingd’

66 2539 136 2620 quia
164 2561 233 2602 non
269 2539 493 2603 satisfecerunt
523 2540 616 2603 sociis
649 2539 717 2604 suis
738 2560 796 2624 pro
825 2540 872 2603 eis
905 2538 1039 2604 servicia
1072 2540 1131 2604 fao'
1164 2541 1200 2602 in

67 2645 190 2706 gwerra,
214 2626 462 2690 2s.-Robertus
484 2625 646 2690 Punchun
667 2626 753 2709 cepit
767 2625 886 2689 toltum
908 2633 941 2690 et
962 2632 1080 2690 terram
1096 2646 1199 2709 quon-

68 2711 135 2775 dam
147 2712 288 2777 Gilberti
297 2713 467 2789 Punchun,
478 2733 576 2795 quam
586 2719 704 2776 terram
713 2712 850 2776 Thomas
866 2713 929 2776 For
939 2714 1055 2790 tenuit,
1065 2711 1153 2776 redd.
1166 2718 1199 2776 et

68 2797 120 2861 fac.
141 2819 200 2883 pro
223 2798 309 2862 dicta
331 2807 415 2864 terra
436 2800 521 2862 siout
543 2798 680 2862 Thomas
702 2799 766 2862 For
786 2799 872 2876 fecit,
887 2801 946 2862 viz.
969 2801 992 2882 ij
1014 2819 1200 2863 marcas.-

70 2883 219 2948 Ricardus
245 2886 348 2949 Faber
373 2885 459 2968 cepit
484 2886 644 2968 cotegium
673 2885 760 2968 quod
781 2885 907 2949 Matild’
931 2886 1064 2952 Textrix
1085 2885 1202 2962 tenuit,

70 2970 224 3036 reddendo
239 2979 271 3035 et
285 2972 432 3035 iaciendo
448 2972 582 3035 servicia
598 2977 750 3035 consueta
764 2972 850 3035 sicut
865 2972 1000 3035 Matild'.
1284 3032 1286 3036 .

111 3057 201 3142 [Esr]
224 3059 392 3122 Rnrnrou.
437 3058 649 3141 Goderobyne
672 3058 748 3141 quia
771 3057 911 3120 detinuit
935 3059 983 3122 ad.
1003 3057 1043 3122 de
1065 3055 1202 3120 Ricardo

71 3141 216 3226 sauuage,
235 3145 271 3206 in
292 3143 519 3220 misericordia,
544 3144 593 3209 od.
640 3145 911 3228 [West-Reynton
933 3145 1057 3209 follows
1080 3143 1144 3206 and
1166 3143 1202 3206 in

75 3233 159 3308 1296,
172 3231 247 3308 ΙΙΙ.,
258 3231 362 3294 under
376 3231 610 3314 Est-Reynton,
625 3231 888 3294 “consideratum
903 3237 952 3294 est
964 3232 1050 3314 quod
1062 3230 1202 3295 Godero-

72 3314 140 3380 bine
160 3323 324 3400 recuperet
349 3318 388 3381 de
410 3317 432 3380 J
435 3317 559 3381 ohanne
574 3318 676 3400 Wyse
697 3337 754 3400 pro
772 3317 928 3401 plegiagio
951 3317 1085 3383 Roberti
1107 3317 1203 3382 Pater

73 3399 182 3467 Noster
198 3411 242 3467 2s.
254 3442 298 3450 --
309 3403 379 3467 Eda
393 3403 461 3467 filia
475 3404 571 3468 Pater
585 3405 703 3468 Noster
717 3424 774 3486 pro
789 3403 866 3487 leyr,
884 3404 965 3489 6d.'’]
1086 3432 1091 3442 *

113 3488 323 3575 [Hasr]unnrs.
367 3490 419 3554 De
432 3489 540 3554 Alicia
559 3491 627 3553 filia
643 3489 808 3572 Ranulphi
821 3510 880 3573 pro
894 3489 965 3574 leyr
978 3497 1011 3554 et
1032 3489 1203 3566 merchato,
1325 3537 1328 3542 -

76 3575 138 3639 lad.
175 3577 262 3660 Pleg.
275 3575 447 3659 Ranulpho
458 3577 525 3640 filio
540 3577 680 3640 Roberti.
689 3615 732 3626 —-
744 3573 904 3641 Walterus
919 3577 1092 3660 Fristeling
1106 3576 1203 3639 habet

74 3658 232 3726 licenciam
255 3663 368 3727 arandi
389 3668 506 3726 terram
526 3664 659 3727 Roberti
674 3663 735 3725 filii
752 3663 868 3746 Rogerr'
888 3684 946 3746 pro
968 3663 1051 3726 med’
1066 3663 1203 3727 duamm

75 3754 266 3812 vecturarum
280 3749 437 3827 habenda,
452 3755 484 3812 et
500 3750 590 3813 dabit
605 3749 734 3812 domino
749 3749 853 3813 Priori
870 3755 913 3814 is.

115 3835 364 3919 [supraema.
408 3837 519 3920 Agnes
540 3836 652 3900 relicta
675 3836 790 3920 Rogeri
809 3836 882 3900 Staf
901 3836 987 3919 cepit
1008 3834 1205 3918 hondagium

78 3923 152 3999 quod
174 3924 225 3985 vir
251 3943 328 3986 suus
350 3923 465 4000 tenuit,
492 3928 524 3985 et
548 3922 638 3986 dabit
661 3921 702 3986 ad
724 3923 909 4006 g'smmamj
933 3942 1091 4001 marcam3
1117 3922 1225 4005 quod,

79 4007 198 4085 quidem
206 4009 402 4092 bondagium
411 4009 554 4072 dimittet
566 4029 640 4072 cum
650 4029 713 4071 uno
725 4029 807 4092 equo
818 4014 850 4072 et
860 4009 983 4073 duobus
994 4008 1096 4072 bobus
1106 4008 1205 4091 precii

81 4096 146 4170 its,
156 4115 228 4158 cum
244 4095 290 4178 vij
307 4096 388 4158 acris
403 4096 566 4172 frumenti,
577 4096 600 4178 ij
618 4096 698 4159 acris
714 4095 802 4159 ordei
817 4096 918 4179 precii
930 4115 1009 4160 acrae
1025 4094 1066 4159 di.
1079 4116 1205 4171 marcae,

79 4178 171 4244 trihus
187 4182 266 4246 acris
283 4182 428 4245 fabarum
443 4189 477 4246 et
491 4183 635 4265 pisarum
649 4182 749 4265 precii
763 4202 844 4245 acrae
861 4189 917 4259 is,
932 4186 965 4246 et
986 4187 1110 4265 septem
1124 4181 1206 4246 acris

80 4281 178 4330 avenae
198 4268 298 4352 precii
311 4288 392 4332 acrae
409 4275 452 4332 is.
497 4268 583 4351 Pleg.
599 4269 785 4331 dimittendi
805 4273 923 4333 terram
936 4269 971 4331 in
987 4268 1098 4332 eodem
1120 4273 1209 4333 statu

80 4347 234 4417 Bertramo
261 4355 301 4418 de
327 4355 520 4431 Munketon‚
546 4354 692 4418 Gilberto
715 4355 782 4418 filio
812 4355 918 4431 Alani,
947 4354 1091 4419 Gilberto
1117 4354 1212 4418 Elius

83 4432 228 4524 [possibly
250 4441 355 4525 Eluif]
385 4448 418 4504 et
443 4443 465 4506 J
468 4442 593 4505 ohanne
620 4441 688 4524 [stc]
711 4442 823 4526 vidua.
878 4444 947 4505 Neo
974 4442 1081 4524 capiet
1101 4443 1209 4505 virum

83 4521 144 4589 sine
157 4527 289 4592 licencia
308 4529 451 4593 Domini.
463 4567 506 4575 —
520 4527 621 4613 (Rob’,
636 4529 749 4606 crased,
764 4529 831 4592 aad
849 4551 870 4592 o
892 4549 970 4594 orosa
983 4529 1098 4612 placed
1112 4529 1210 4611 before

627 4629 650 4676 A
