<?xml version="1.0" encoding="UTF-8"?>
<!DOCTYPE html PUBLIC "-//W3C//DTD XHTML 1.0 Transitional//EN"
    "http://www.w3.org/TR/xhtml1/DTD/xhtml1-transitional.dtd">
<html xmlns="http://www.w3.org/1999/xhtml" xml:lang="en" lang="en">
 <head>
  <title>
</title>
<meta http-equiv="Content-Type" content="text/html;charset=utf-8" />
  <meta name='ocr-system' content='tesseract 3.04.00' />
  <meta name='ocr-capabilities' content='ocr_page ocr_carea ocr_par ocr_line ocrx_word'/>
</head>
<body>
  <div class='ocr_page' id='page_1' title='image "./halmotaprioratu01cathgoog/halmotaprioratu01cathgoog_0065.png"; bbox 0 0 3110 5220; ppageno 0'>
   <div class='ocr_carea' id='block_1_1' title="bbox 299 589 1429 652">
    <p class='ocr_par' dir='ltr' id='par_1_1' title="bbox 299 589 1429 652">
     <span class='ocr_line' id='line_1_1' title="bbox 299 589 1429 652; baseline -0.002 0"><span class='ocrx_word' id='word_1_1' title='bbox 299 593 338 652; x_wconf 89' lang='lat'><strong>10</strong></span> <span class='ocrx_word' id='word_1_2' title='bbox 556 599 1167 650; x_wconf 72' lang='lat' dir='ltr'><strong>nmuorlrmoaarcsnuunnuuusrs.</strong></span> <span class='ocrx_word' id='word_1_3' title='bbox 1339 589 1429 650; x_wconf 80' lang='lat'><strong>1296.</strong></span> 
     </span>
    </p>
   </div>
   <div class='ocr_carea' id='block_1_2' title="bbox 252 757 1554 4646">
    <p class='ocr_par' dir='ltr' id='par_1_2' title="bbox 252 757 1554 2484">
     <span class='ocr_line' id='line_1_2' title="bbox 295 757 1431 844; baseline -0.001 -20"><span class='ocrx_word' id='word_1_4' title='bbox 295 760 435 824; x_wconf 84' lang='lat' dir='ltr'><strong>Roberto</strong></span> <span class='ocrx_word' id='word_1_5' title='bbox 447 759 593 824; x_wconf 89' lang='lat' dir='ltr'><strong>Bercario</strong></span> <span class='ocrx_word' id='word_1_6' title='bbox 603 781 661 843; x_wconf 88' lang='lat' dir='ltr'><strong>pro</strong></span> <span class='ocrx_word' id='word_1_7' title='bbox 672 759 763 844; x_wconf 85' lang='lat' dir='ltr'><strong>pleg’,</strong></span> <span class='ocrx_word' id='word_1_8' title='bbox 773 759 865 844; x_wconf 86' lang='lat' dir='ltr'><strong>Elyae</strong></span> <span class='ocrx_word' id='word_1_9' title='bbox 876 757 1018 822; x_wconf 91' lang='lat' dir='ltr'><strong>Molend&#39;</strong></span> <span class='ocrx_word' id='word_1_10' title='bbox 1032 762 1076 824; x_wconf 84' lang='lat' dir='ltr'><strong>ts.</strong></span> <span class='ocrx_word' id='word_1_11' title='bbox 1089 757 1137 822; x_wconf 79' lang='lat' dir='ltr'><strong>td.</strong></span> <span class='ocrx_word' id='word_1_12' title='bbox 1150 779 1207 841; x_wconf 91' lang='lat' dir='ltr'><strong>pro</strong></span> <span class='ocrx_word' id='word_1_13' title='bbox 1218 778 1283 841; x_wconf 90' lang='lat' dir='ltr'><strong>qua</strong></span> <span class='ocrx_word' id='word_1_14' title='bbox 1293 760 1431 842; x_wconf 88' lang='lat' dir='ltr'><strong>pecunia</strong></span> 
     </span>
     <span class='ocr_line' id='line_1_3' title="bbox 294 845 1431 911; baseline 0 -1"><span class='ocrx_word' id='word_1_15' title='bbox 294 847 433 911; x_wconf 88' lang='lat' dir='ltr'><strong>levanda</strong></span> <span class='ocrx_word' id='word_1_16' title='bbox 443 846 534 911; x_wconf 87' lang='lat' dir='ltr'><strong>dabit</strong></span> <span class='ocrx_word' id='word_1_17' title='bbox 542 848 683 911; x_wconf 91' lang='lat' dir='ltr'><strong>Domino</strong></span> <span class='ocrx_word' id='word_1_18' title='bbox 699 845 801 910; x_wconf 84' lang='lat' dir='ltr'><strong>Priori</strong></span> <span class='ocrx_word' id='word_1_19' title='bbox 818 846 889 910; x_wconf 76' lang='lat' dir='ltr'><strong>lad.</strong></span> <span class='ocrx_word' id='word_1_20' title='bbox 927 845 1006 909; x_wconf 92' lang='lat' dir='ltr'><strong>Post</strong></span> <span class='ocrx_word' id='word_1_21' title='bbox 1016 845 1106 910; x_wconf 87' lang='lat' dir='ltr'><strong>venit</strong></span> <span class='ocrx_word' id='word_1_22' title='bbox 1117 845 1206 909; x_wconf 85' lang='lat' dir='ltr'><strong>Elias</strong></span> <span class='ocrx_word' id='word_1_23' title='bbox 1220 850 1254 909; x_wconf 92' lang='lat' dir='ltr'><strong>et</strong></span> <span class='ocrx_word' id='word_1_24' title='bbox 1268 846 1431 910; x_wconf 75' lang='lat' dir='ltr'>fatebatur</span> 
     </span>
     <span class='ocr_line' id='line_1_4' title="bbox 296 931 1429 1016; baseline -0.001 -19"><span class='ocrx_word' id='word_1_25' title='bbox 296 933 450 999; x_wconf 89' lang='lat' dir='ltr'><strong>debitum.</strong></span> <span class='ocrx_word' id='word_1_26' title='bbox 496 934 573 997; x_wconf 92' lang='lat' dir='ltr'><strong>Ideo</strong></span> <span class='ocrx_word' id='word_1_27' title='bbox 596 933 832 998; x_wconf 88' lang='lat' dir='ltr'><strong>consideratum</strong></span> <span class='ocrx_word' id='word_1_28' title='bbox 853 937 902 996; x_wconf 89' lang='lat' dir='ltr'><strong>est</strong></span> <span class='ocrx_word' id='word_1_29' title='bbox 924 931 1010 1015; x_wconf 87' lang='lat' dir='ltr'><strong>quod</strong></span> <span class='ocrx_word' id='word_1_30' title='bbox 1032 931 1342 996; x_wconf 84' lang='lat' dir='ltr'><strong>solvat—Toftum</strong></span> <span class='ocrx_word' id='word_1_31' title='bbox 1361 933 1429 1016; x_wconf 88' lang='lat' dir='ltr'><strong>ejus</strong></span> 
     </span>
     <span class='ocr_line' id='line_1_5' title="bbox 296 1017 1431 1103; baseline -0.002 -19"><span class='ocrx_word' id='word_1_32' title='bbox 296 1021 373 1102; x_wconf 92' lang='lat' dir='ltr'><strong>cap&#39;.</strong></span> <span class='ocrx_word' id='word_1_33' title='bbox 417 1020 576 1084; x_wconf 85' lang='lat' dir='ltr'><strong>Robartus</strong></span> <span class='ocrx_word' id='word_1_34' title='bbox 590 1020 677 1084; x_wconf 91' lang='lat' dir='ltr'><strong>filius</strong></span> <span class='ocrx_word' id='word_1_35' title='bbox 692 1019 782 1103; x_wconf 77' lang='lat' dir='ltr'><strong>Elyae</strong></span> <span class='ocrx_word' id='word_1_36' title='bbox 796 1018 947 1082; x_wconf 89' lang='lat' dir='ltr'><strong>Waldevi</strong></span> <span class='ocrx_word' id='word_1_37' title='bbox 967 1017 1035 1101; x_wconf 77' lang='lat' dir='ltr'><strong>[sic]</strong></span> <span class='ocrx_word' id='word_1_38' title='bbox 1060 1018 1137 1100; x_wconf 86' lang='lat' dir='ltr'><strong>quia</strong></span> <span class='ocrx_word' id='word_1_39' title='bbox 1158 1024 1326 1082; x_wconf 74' lang='lat' dir='ltr'><strong>noctanter</strong></span> <span class='ocrx_word' id='word_1_40' title='bbox 1339 1019 1431 1082; x_wconf 86' lang='lat' dir='ltr'><strong>venit</strong></span> 
     </span>
     <span class='ocr_line' id='line_1_6' title="bbox 296 1104 1430 1187; baseline -0.001 -17"><span class='ocrx_word' id='word_1_41' title='bbox 296 1106 338 1170; x_wconf 87' lang='lat' dir='ltr'><strong>ad</strong></span> <span class='ocrx_word' id='word_1_42' title='bbox 358 1107 493 1170; x_wconf 89' lang='lat' dir='ltr'><strong>boscum</strong></span> <span class='ocrx_word' id='word_1_43' title='bbox 514 1106 633 1170; x_wconf 87' lang='lat' dir='ltr'><strong>Prioris</strong></span> <span class='ocrx_word' id='word_1_44' title='bbox 654 1126 728 1170; x_wconf 88' lang='lat' dir='ltr'><strong>oum</strong></span> <span class='ocrx_word' id='word_1_45' title='bbox 751 1128 781 1170; x_wconf 92' lang='lat' dir='ltr'><strong>x.</strong></span> <span class='ocrx_word' id='word_1_46' title='bbox 803 1104 989 1168; x_wconf 91' lang='lat' dir='ltr'><strong>hominibus</strong></span> <span class='ocrx_word' id='word_1_47' title='bbox 1009 1110 1042 1168; x_wconf 89' lang='lat' dir='ltr'><strong>et</strong></span> <span class='ocrx_word' id='word_1_48' title='bbox 1063 1104 1110 1168; x_wconf 92' lang='lat' dir='ltr'><strong>ibi</strong></span> <span class='ocrx_word' id='word_1_49' title='bbox 1132 1104 1212 1187; x_wconf 92' lang='lat' dir='ltr'><strong>colp&#39;</strong></span> <span class='ocrx_word' id='word_1_50' title='bbox 1227 1125 1374 1187; x_wconf 86' lang='lat' dir='ltr'><strong>quercus,</strong></span> <span class='ocrx_word' id='word_1_51' title='bbox 1389 1105 1430 1168; x_wconf 90' lang='lat' dir='ltr'><strong>di</strong></span> 
     </span>
     <span class='ocr_line' id='line_1_7' title="bbox 295 1190 1432 1277; baseline -0.001 -21"><span class='ocrx_word' id='word_1_52' title='bbox 295 1213 444 1258; x_wconf 77' lang='lat' dir='ltr'><strong>maroam,</strong></span> <span class='ocrx_word' id='word_1_53' title='bbox 460 1193 545 1277; x_wconf 87' lang='lat' dir='ltr'><strong>Pleg.</strong></span> <span class='ocrx_word' id='word_1_54' title='bbox 561 1193 653 1275; x_wconf 87' lang='lat' dir='ltr'><strong>Elya,</strong></span> <span class='ocrx_word' id='word_1_55' title='bbox 667 1193 790 1276; x_wconf 85' lang='lat' dir='ltr'><strong>Rogero</strong></span> <span class='ocrx_word' id='word_1_56' title='bbox 810 1190 947 1255; x_wconf 91' lang='lat' dir='ltr'><strong>Asselot.</strong></span> <span class='ocrx_word' id='word_1_57' title='bbox 991 1192 1036 1254; x_wconf 85' lang='lat' dir='ltr'><strong>Et</strong></span> <span class='ocrx_word' id='word_1_58' title='bbox 1057 1191 1181 1254; x_wconf 91' lang='lat' dir='ltr'><strong>duabus</strong></span> <span class='ocrx_word' id='word_1_59' title='bbox 1198 1191 1301 1254; x_wconf 81' lang='lat' dir='ltr'><strong>villat&#39;</strong></span> <span class='ocrx_word' id='word_1_60' title='bbox 1315 1197 1432 1274; x_wconf 86' lang='lat' dir='ltr'><strong>praeter</strong></span> 
     </span>
     <span class='ocr_line' id='line_1_8' title="bbox 296 1277 1431 1363; baseline -0.002 -21"><span class='ocrx_word' id='word_1_61' title='bbox 296 1279 427 1343; x_wconf 89' lang='lat' dir='ltr'><strong>Munkt’</strong></span> <span class='ocrx_word' id='word_1_62' title='bbox 452 1279 491 1363; x_wconf 80' lang='lat' dir='ltr'><strong>[l]</strong></span> <span class='ocrx_word' id='word_1_63' title='bbox 504 1278 657 1360; x_wconf 87' lang='lat' dir='ltr'><strong>-Elyas</strong></span> <span class='ocrx_word' id='word_1_64' title='bbox 678 1278 765 1342; x_wconf 90' lang='lat' dir='ltr'><strong>filius</strong></span> <span class='ocrx_word' id='word_1_65' title='bbox 787 1277 937 1341; x_wconf 89' lang='lat' dir='ltr'><strong>Waldevi</strong></span> <span class='ocrx_word' id='word_1_66' title='bbox 958 1277 1035 1360; x_wconf 89' lang='lat' dir='ltr'><strong>quie</strong></span> <span class='ocrx_word' id='word_1_67' title='bbox 1054 1278 1230 1360; x_wconf 85' lang='lat' dir='ltr'><strong>receptavit</strong></span> <span class='ocrx_word' id='word_1_68' title='bbox 1252 1278 1431 1341; x_wconf 89' lang='lat' dir='ltr'><strong>Robertum</strong></span> 
     </span>
     <span class='ocr_line' id='line_1_9' title="bbox 296 1363 1430 1448; baseline 0 -20"><span class='ocrx_word' id='word_1_69' title='bbox 296 1365 400 1428; x_wconf 88' lang='lat' dir='ltr'><strong>filium</strong></span> <span class='ocrx_word' id='word_1_70' title='bbox 411 1386 507 1429; x_wconf 92' lang='lat' dir='ltr'><strong>suum</strong></span> <span class='ocrx_word' id='word_1_71' title='bbox 516 1369 589 1447; x_wconf 93' lang='lat' dir='ltr'><strong>post</strong></span> <span class='ocrx_word' id='word_1_72' title='bbox 599 1365 768 1448; x_wconf 84' lang='lat' dir='ltr'><strong>praefatum</strong></span> <span class='ocrx_word' id='word_1_73' title='bbox 778 1364 932 1428; x_wconf 88' lang='lat' dir='ltr'><strong>delictum</strong></span> <span class='ocrx_word' id='word_1_74' title='bbox 942 1370 976 1428; x_wconf 92' lang='lat' dir='ltr'><strong>et</strong></span> <span class='ocrx_word' id='word_1_75' title='bbox 984 1364 1061 1446; x_wconf 88' lang='lat' dir='ltr'><strong>quia</strong></span> <span class='ocrx_word' id='word_1_76' title='bbox 1072 1363 1242 1440; x_wconf 83' lang='lat' dir='ltr'><strong>consenuit,</strong></span> <span class='ocrx_word' id='word_1_77' title='bbox 1251 1364 1264 1446; x_wconf 86' lang='lat' dir='ltr'>j</span> <span class='ocrx_word' id='word_1_78' title='bbox 1277 1384 1430 1428; x_wconf 88' lang='lat' dir='ltr'><strong>marcam:</strong></span> 
     </span>
     <span class='ocr_line' id='line_1_10' title="bbox 296 1449 1432 1535; baseline -0.002 -20"><span class='ocrx_word' id='word_1_79' title='bbox 296 1451 380 1535; x_wconf 87' lang='lat' dir='ltr'><strong>plag.</strong></span> <span class='ocrx_word' id='word_1_80' title='bbox 401 1452 574 1534; x_wconf 82' lang='lat' dir='ltr'><strong>praeposito</strong></span> <span class='ocrx_word' id='word_1_81' title='bbox 597 1457 629 1515; x_wconf 88' lang='lat' dir='ltr'><strong>at</strong></span> <span class='ocrx_word' id='word_1_82' title='bbox 651 1451 698 1534; x_wconf 86' lang='lat' dir='ltr'><strong>iiij</strong></span> <span class='ocrx_word' id='word_1_83' title='bbox 719 1449 1148 1534; x_wconf 84' lang='lat' dir='ltr'><strong>juratoribus—Robartus</strong></span> <span class='ocrx_word' id='word_1_84' title='bbox 1170 1449 1210 1513; x_wconf 88' lang='lat' dir='ltr'><strong>de</strong></span> <span class='ocrx_word' id='word_1_85' title='bbox 1233 1449 1432 1532; x_wconf 76' lang='lat' dir='ltr'><strong>Chivington</strong></span> 
     </span>
     <span class='ocr_line' id='line_1_11' title="bbox 297 1536 1430 1622; baseline 0 -21"><span class='ocrx_word' id='word_1_86' title='bbox 297 1539 374 1622; x_wconf 89' lang='lat' dir='ltr'><strong>quia</strong></span> <span class='ocrx_word' id='word_1_87' title='bbox 388 1538 478 1601; x_wconf 90' lang='lat' dir='ltr'><strong>venit</strong></span> <span class='ocrx_word' id='word_1_88' title='bbox 495 1538 533 1601; x_wconf 92' lang='lat' dir='ltr'><strong>ad</strong></span> <span class='ocrx_word' id='word_1_89' title='bbox 549 1538 682 1601; x_wconf 81' lang='lat' dir='ltr'><strong>boscum</strong></span> <span class='ocrx_word' id='word_1_90' title='bbox 704 1557 779 1601; x_wconf 92' lang='lat' dir='ltr'><strong>cum</strong></span> <span class='ocrx_word' id='word_1_91' title='bbox 799 1536 951 1619; x_wconf 87' lang='lat' dir='ltr'><strong>praedicto</strong></span> <span class='ocrx_word' id='word_1_92' title='bbox 973 1537 1112 1600; x_wconf 89' lang='lat' dir='ltr'><strong>Roberto</strong></span> <span class='ocrx_word' id='word_1_93' title='bbox 1133 1536 1200 1599; x_wconf 90' lang='lat' dir='ltr'><strong>filio</strong></span> <span class='ocrx_word' id='word_1_94' title='bbox 1214 1536 1368 1601; x_wconf 87' lang='lat' dir='ltr'><strong>Waldevi</strong></span> <span class='ocrx_word' id='word_1_95' title='bbox 1389 1538 1430 1601; x_wconf 88' lang='lat' dir='ltr'><strong>ad</strong></span> 
     </span>
     <span class='ocr_line' id='line_1_12' title="bbox 296 1622 1430 1706; baseline 0 -18"><span class='ocrx_word' id='word_1_96' title='bbox 296 1623 440 1689; x_wconf 84' lang='lat' dir='ltr'><strong>malefac’</strong></span> <span class='ocrx_word' id='word_1_97' title='bbox 450 1630 513 1688; x_wconf 83' lang='lat' dir='ltr'><strong>2s.:</strong></span> <span class='ocrx_word' id='word_1_98' title='bbox 528 1622 609 1706; x_wconf 82' lang='lat' dir='ltr'><strong>plag.</strong></span> <span class='ocrx_word' id='word_1_99' title='bbox 621 1623 704 1706; x_wconf 85' lang='lat' dir='ltr'><strong>Elya</strong></span> <span class='ocrx_word' id='word_1_100' title='bbox 714 1623 782 1687; x_wconf 93' lang='lat' dir='ltr'><strong>filio</strong></span> <span class='ocrx_word' id='word_1_101' title='bbox 796 1623 955 1700; x_wconf 85' lang='lat' dir='ltr'><strong>Waddevi,</strong></span> <span class='ocrx_word' id='word_1_102' title='bbox 965 1623 989 1687; x_wconf 86' lang='lat' dir='ltr'><strong>J</strong></span> <span class='ocrx_word' id='word_1_103' title='bbox 989 1622 1114 1687; x_wconf 87' lang='lat' dir='ltr'><strong>ohanne</strong></span> <span class='ocrx_word' id='word_1_104' title='bbox 1126 1623 1196 1706; x_wconf 79' lang='lat' dir='ltr'><strong>Lyt.</strong></span> <span class='ocrx_word' id='word_1_105' title='bbox 1207 1658 1253 1670; x_wconf 98' lang='lat'>-</span> <span class='ocrx_word' id='word_1_106' title='bbox 1262 1624 1285 1687; x_wconf 87' lang='lat' dir='ltr'><strong>J</strong></span> <span class='ocrx_word' id='word_1_107' title='bbox 1287 1623 1430 1688; x_wconf 89' lang='lat' dir='ltr'><strong>ohannes</strong></span> 
     </span>
     <span class='ocr_line' id='line_1_13' title="bbox 297 1709 1431 1793; baseline 0 -19"><span class='ocrx_word' id='word_1_108' title='bbox 297 1710 384 1774; x_wconf 90' lang='lat' dir='ltr'><strong>filius</strong></span> <span class='ocrx_word' id='word_1_109' title='bbox 399 1709 556 1774; x_wconf 91' lang='lat' dir='ltr'><strong>Willelmi</strong></span> <span class='ocrx_word' id='word_1_110' title='bbox 571 1709 800 1774; x_wconf 89' lang='lat' dir='ltr'><strong>Molendinarii</strong></span> <span class='ocrx_word' id='word_1_111' title='bbox 822 1730 878 1792; x_wconf 91' lang='lat' dir='ltr'><strong>pro</strong></span> <span class='ocrx_word' id='word_1_112' title='bbox 901 1709 1030 1773; x_wconf 90' lang='lat' dir='ltr'><strong>eodem:</strong></span> <span class='ocrx_word' id='word_1_113' title='bbox 1055 1709 1135 1793; x_wconf 85' lang='lat' dir='ltr'><strong>plag.</strong></span> <span class='ocrx_word' id='word_1_114' title='bbox 1151 1714 1241 1792; x_wconf 88' lang='lat' dir='ltr'><strong>patre</strong></span> <span class='ocrx_word' id='word_1_115' title='bbox 1256 1729 1314 1772; x_wconf 94' lang='lat' dir='ltr'><strong>suo</strong></span> <span class='ocrx_word' id='word_1_116' title='bbox 1332 1709 1431 1793; x_wconf 80' lang='lat' dir='ltr'><strong>(Gon-</strong></span> 
     </span>
     <span class='ocr_line' id='line_1_14' title="bbox 297 1795 1430 1880; baseline 0 -20"><span class='ocrx_word' id='word_1_117' title='bbox 297 1796 456 1880; x_wconf 88' lang='lat' dir='ltr'><strong>donatur).</strong></span> <span class='ocrx_word' id='word_1_118' title='bbox 468 1796 704 1860; x_wconf 89' lang='lat' dir='ltr'><strong>—Willelmus</strong></span> <span class='ocrx_word' id='word_1_119' title='bbox 726 1796 850 1878; x_wconf 86' lang='lat' dir='ltr'><strong>Popley</strong></span> <span class='ocrx_word' id='word_1_120' title='bbox 867 1816 924 1878; x_wconf 91' lang='lat' dir='ltr'><strong>pro</strong></span> <span class='ocrx_word' id='word_1_121' title='bbox 946 1796 1066 1872; x_wconf 92' lang='lat' dir='ltr'><strong>eodem,</strong></span> <span class='ocrx_word' id='word_1_122' title='bbox 1096 1795 1184 1858; x_wconf 76' lang='lat' dir='ltr'><strong>lad:</strong></span> <span class='ocrx_word' id='word_1_123' title='bbox 1205 1795 1286 1879; x_wconf 85' lang='lat' dir='ltr'><strong>pleg.</strong></span> <span class='ocrx_word' id='word_1_124' title='bbox 1307 1796 1430 1860; x_wconf 85' lang='lat' dir='ltr'><strong>Thoma</strong></span> 
     </span>
     <span class='ocr_line' id='line_1_15' title="bbox 297 1881 1430 1965; baseline 0.001 -18"><span class='ocrx_word' id='word_1_125' title='bbox 297 1883 540 1948; x_wconf 87' lang='lat' dir='ltr'><strong>Molendinario.</strong></span> <span class='ocrx_word' id='word_1_126' title='bbox 552 1883 744 1947; x_wconf 84' lang='lat' dir='ltr'><strong>—Thomas</strong></span> <span class='ocrx_word' id='word_1_127' title='bbox 753 1881 1430 1965; x_wconf 86' lang='lat' dir='ltr'><strong>MolendinariusdePampedenprotrans·</strong></span> 
     </span>
     <span class='ocr_line' id='line_1_16' title="bbox 295 1967 1429 2054; baseline 0 -20"><span class='ocrx_word' id='word_1_128' title='bbox 295 1971 456 2054; x_wconf 85' lang='lat' dir='ltr'><strong>gressione</strong></span> <span class='ocrx_word' id='word_1_129' title='bbox 469 1970 554 2034; x_wconf 84' lang='lat' dir='ltr'><strong>facta</strong></span> <span class='ocrx_word' id='word_1_130' title='bbox 568 1970 709 2033; x_wconf 89' lang='lat' dir='ltr'><strong>Domino</strong></span> <span class='ocrx_word' id='word_1_131' title='bbox 724 1969 827 2032; x_wconf 84' lang='lat' dir='ltr'><strong>Priori</strong></span> <span class='ocrx_word' id='word_1_132' title='bbox 843 1975 905 2032; x_wconf 66' lang='lat' dir='ltr'><strong>Aa:</strong></span> <span class='ocrx_word' id='word_1_133' title='bbox 926 1967 1007 2052; x_wconf 85' lang='lat' dir='ltr'><strong>plag.</strong></span> <span class='ocrx_word' id='word_1_134' title='bbox 1024 1968 1162 2032; x_wconf 86' lang='lat' dir='ltr'><strong>Patricio</strong></span> <span class='ocrx_word' id='word_1_135' title='bbox 1185 1968 1224 2032; x_wconf 88' lang='lat' dir='ltr'><strong>de</strong></span> <span class='ocrx_word' id='word_1_136' title='bbox 1247 1968 1429 2053; x_wconf 84' lang='lat' dir='ltr'><strong>Staneryar.</strong></span> 
     </span>
     <span class='ocr_line' id='line_1_17' title="bbox 297 2054 1429 2139; baseline 0 -19"><span class='ocrx_word' id='word_1_137' title='bbox 297 2057 508 2120; x_wconf 80' lang='lat' dir='ltr'><strong>-Robertus</strong></span> <span class='ocrx_word' id='word_1_138' title='bbox 529 2056 615 2119; x_wconf 91' lang='lat' dir='ltr'><strong>filius</strong></span> <span class='ocrx_word' id='word_1_139' title='bbox 629 2055 779 2120; x_wconf 86' lang='lat' dir='ltr'><strong>Waldevi</strong></span> <span class='ocrx_word' id='word_1_140' title='bbox 798 2055 875 2139; x_wconf 90' lang='lat' dir='ltr'><strong>quia</strong></span> <span class='ocrx_word' id='word_1_141' title='bbox 896 2054 960 2118; x_wconf 86' lang='lat' dir='ltr'><strong>fuit</strong></span> <span class='ocrx_word' id='word_1_142' title='bbox 981 2054 1017 2117; x_wconf 90' lang='lat' dir='ltr'><strong>in</strong></span> <span class='ocrx_word' id='word_1_143' title='bbox 1039 2055 1101 2118; x_wconf 87' lang='lat' dir='ltr'><strong>soo&#39;</strong></span> <span class='ocrx_word' id='word_1_144' title='bbox 1116 2054 1156 2118; x_wconf 89' lang='lat' dir='ltr'><strong>de</strong></span> <span class='ocrx_word' id='word_1_145' title='bbox 1178 2055 1302 2118; x_wconf 88' lang='lat' dir='ltr'><strong>duabus</strong></span> <span class='ocrx_word' id='word_1_146' title='bbox 1326 2056 1429 2138; x_wconf 87' lang='lat' dir='ltr'><strong>sayle-</strong></span> 
     </span>
     <span class='ocr_line' id='line_1_18' title="bbox 297 2140 1431 2224; baseline -0.001 -18"><span class='ocrx_word' id='word_1_147' title='bbox 297 2143 413 2206; x_wconf 88' lang='lat' dir='ltr'><strong>uandis</strong></span> <span class='ocrx_word' id='word_1_148' title='bbox 434 2142 578 2205; x_wconf 75' lang='lat' dir='ltr'><strong>iurandis</strong></span> <span class='ocrx_word' id='word_1_149' title='bbox 598 2147 631 2205; x_wconf 89' lang='lat' dir='ltr'><strong>et</strong></span> <span class='ocrx_word' id='word_1_150' title='bbox 652 2141 745 2205; x_wconf 90' lang='lat' dir='ltr'><strong>vend&#39;</strong></span> <span class='ocrx_word' id='word_1_151' title='bbox 761 2141 846 2224; x_wconf 87' lang='lat' dir='ltr'><strong>apud</strong></span> <span class='ocrx_word' id='word_1_152' title='bbox 862 2141 992 2204; x_wconf 88' lang='lat' dir='ltr'><strong>Novum</strong></span> <span class='ocrx_word' id='word_1_153' title='bbox 1015 2141 1171 2206; x_wconf 79' lang='lat' dir='ltr'><strong>Castrum.</strong></span> <span class='ocrx_word' id='word_1_154' title='bbox 1221 2140 1431 2224; x_wconf 78' lang='lat' dir='ltr'><strong>Compertum</strong></span> 
     </span>
     <span class='ocr_line' id='line_1_19' title="bbox 252 2223 1431 2311; baseline 0 -18"><span class='ocrx_word' id='word_1_155' title='bbox 252 2223 255 2232; x_wconf 89' lang='grc'><strong>’</strong></span> <span class='ocrx_word' id='word_1_156' title='bbox 297 2228 447 2311; x_wconf 90' lang='lat' dir='ltr'><strong>estquod</strong></span> <span class='ocrx_word' id='word_1_157' title='bbox 468 2226 790 2311; x_wconf 78' lang='lat' dir='ltr'><strong>nonestcudpabilis.</strong></span> <span class='ocrx_word' id='word_1_158' title='bbox 835 2227 913 2292; x_wconf 88' lang='lat' dir='ltr'><strong>Ideo</strong></span> <span class='ocrx_word' id='word_1_159' title='bbox 935 2227 1141 2291; x_wconf 86' lang='lat' dir='ltr'><strong>condonatur.</strong></span> <span class='ocrx_word' id='word_1_160' title='bbox 1153 2227 1368 2292; x_wconf 82' lang='lat' dir='ltr'><strong>-Robertus</strong></span> <span class='ocrx_word' id='word_1_161' title='bbox 1391 2229 1431 2293; x_wconf 90' lang='lat' dir='ltr'><strong>de</strong></span> 
     </span>
     <span class='ocr_line' id='line_1_20' title="bbox 299 2313 1431 2398; baseline -0.002 -18"><span class='ocrx_word' id='word_1_162' title='bbox 299 2314 495 2398; x_wconf 83' lang='lat' dir='ltr'><strong>Ohivington</strong></span> <span class='ocrx_word' id='word_1_163' title='bbox 521 2313 597 2397; x_wconf 88' lang='lat' dir='ltr'><strong>quia</strong></span> <span class='ocrx_word' id='word_1_164' title='bbox 618 2313 766 2377; x_wconf 86' lang='lat' dir='ltr'><strong>vendidit</strong></span> <span class='ocrx_word' id='word_1_165' title='bbox 788 2319 897 2378; x_wconf 83' lang='lat' dir='ltr'><strong>contra</strong></span> <span class='ocrx_word' id='word_1_166' title='bbox 911 2315 1045 2378; x_wconf 78' lang='lat' dir='ltr'><strong>assisam</strong></span> <span class='ocrx_word' id='word_1_167' title='bbox 1069 2313 1431 2378; x_wconf 82' lang='lat' dir='ltr'><strong>6d.—-Oonsideratum</strong></span> 
     </span>
     <span class='ocr_line' id='line_1_21' title="bbox 296 2399 1554 2484; baseline -0.001 -18"><span class='ocrx_word' id='word_1_168' title='bbox 296 2407 346 2466; x_wconf 89' lang='lat' dir='ltr'><strong>est</strong></span> <span class='ocrx_word' id='word_1_169' title='bbox 361 2401 447 2484; x_wconf 93' lang='lat' dir='ltr'><strong>quod</strong></span> <span class='ocrx_word' id='word_1_170' title='bbox 463 2400 594 2464; x_wconf 88' lang='lat' dir='ltr'><strong>Beatrix</strong></span> <span class='ocrx_word' id='word_1_171' title='bbox 609 2400 676 2464; x_wconf 89' lang='lat' dir='ltr'><strong>filia</strong></span> <span class='ocrx_word' id='word_1_172' title='bbox 689 2400 767 2464; x_wconf 86' lang='lat' dir='ltr'><strong>Edae</strong></span> <span class='ocrx_word' id='word_1_173' title='bbox 781 2405 946 2482; x_wconf 89' lang='lat' dir='ltr'><strong>recuperet</strong></span> <span class='ocrx_word' id='word_1_174' title='bbox 960 2399 1000 2464; x_wconf 89' lang='lat' dir='ltr'><strong>de</strong></span> <span class='ocrx_word' id='word_1_175' title='bbox 1014 2400 1097 2483; x_wconf 86' lang='lat' dir='ltr'><strong>Elya</strong></span> <span class='ocrx_word' id='word_1_176' title='bbox 1108 2400 1340 2464; x_wconf 85' lang='lat' dir='ltr'><strong>molendinario</strong></span> <span class='ocrx_word' id='word_1_177' title='bbox 1358 2402 1429 2466; x_wconf 89' lang='lat' dir='ltr'><strong>13d.</strong></span> <span class='ocrx_word' id='word_1_178' title='bbox 1553 2443 1554 2450; x_wconf 23' lang='grc' dir='ltr'><strong>κ</strong></span> 
     </span>
    </p>

    <p class='ocr_par' dir='ltr' id='par_1_3' title="bbox 295 2453 1554 2649">
     <span class='ocr_line' id='line_1_22' title="bbox 340 2485 1433 2569; baseline -0.001 -17"><span class='ocrx_word' id='word_1_179' title='bbox 340 2488 516 2552; x_wconf 77' lang='lat' dir='ltr'><strong>SUTHWYK.</strong></span> <span class='ocrx_word' id='word_1_180' title='bbox 560 2487 680 2552; x_wconf 91' lang='lat' dir='ltr'><strong>Omnes</strong></span> <span class='ocrx_word' id='word_1_181' title='bbox 691 2487 790 2550; x_wconf 93' lang='lat' dir='ltr'><strong>bondi</strong></span> <span class='ocrx_word' id='word_1_182' title='bbox 804 2487 844 2551; x_wconf 89' lang='lat' dir='ltr'><strong>de</strong></span> <span class='ocrx_word' id='word_1_183' title='bbox 858 2485 1026 2551; x_wconf 86' lang='lat' dir='ltr'><strong>Suthewik</strong></span> <span class='ocrx_word' id='word_1_184' title='bbox 1036 2487 1113 2569; x_wconf 89' lang='lat' dir='ltr'><strong>quia</strong></span> <span class='ocrx_word' id='word_1_185' title='bbox 1127 2506 1194 2550; x_wconf 90' lang='lat' dir='ltr'><strong>non</strong></span> <span class='ocrx_word' id='word_1_186' title='bbox 1207 2486 1433 2552; x_wconf 83' lang='lat' dir='ltr'><strong>satisfecerunt</strong></span> 
     </span>
     <span class='ocr_line' id='line_1_23' title="bbox 295 2571 739 2649; baseline 0 -11"><span class='ocrx_word' id='word_1_187' title='bbox 295 2574 390 2638; x_wconf 87' lang='lat' dir='ltr'><strong>Petro</strong></span> <span class='ocrx_word' id='word_1_188' title='bbox 405 2573 446 2637; x_wconf 93' lang='lat' dir='ltr'><strong>de</strong></span> <span class='ocrx_word' id='word_1_189' title='bbox 459 2571 679 2649; x_wconf 84' lang='lat' dir='ltr'><strong>Hetheworth,</strong></span> <span class='ocrx_word' id='word_1_190' title='bbox 696 2577 739 2638; x_wconf 74' lang='lat' dir='ltr'><strong>ts.</strong></span> 
     </span>
    </p>

    <p class='ocr_par' dir='ltr' id='par_1_4' title="bbox 296 2658 1431 3158">
     <span class='ocr_line' id='line_1_24' title="bbox 341 2658 1431 2725; baseline 0.001 -2"><span class='ocrx_word' id='word_1_191' title='bbox 341 2660 527 2724; x_wconf 78' lang='lat' dir='ltr'><strong>Wuauurfl.</strong></span> <span class='ocrx_word' id='word_1_192' title='bbox 574 2659 734 2724; x_wconf 83' lang='lat' dir='ltr'><strong>Oristiane</strong></span> <span class='ocrx_word' id='word_1_193' title='bbox 748 2659 880 2724; x_wconf 84' lang='lat' dir='ltr'><strong>Textrix</strong></span> <span class='ocrx_word' id='word_1_194' title='bbox 898 2659 939 2723; x_wconf 91' lang='lat' dir='ltr'><strong>de</strong></span> <span class='ocrx_word' id='word_1_195' title='bbox 957 2658 1155 2724; x_wconf 87' lang='lat' dir='ltr'><strong>Gatisheued</strong></span> <span class='ocrx_word' id='word_1_196' title='bbox 1177 2659 1268 2723; x_wconf 87' lang='lat' dir='ltr'><strong>dabit</strong></span> <span class='ocrx_word' id='word_1_197' title='bbox 1289 2660 1431 2725; x_wconf 89' lang='lat' dir='ltr'><strong>Domino</strong></span> 
     </span>
     <span class='ocr_line' id='line_1_25' title="bbox 297 2745 1430 2830; baseline 0.001 -20"><span class='ocrx_word' id='word_1_198' title='bbox 297 2747 401 2810; x_wconf 85' lang='lat' dir='ltr'><strong>Priori</strong></span> <span class='ocrx_word' id='word_1_199' title='bbox 417 2753 460 2811; x_wconf 67' lang='lat' dir='ltr'><strong>is.</strong></span> <span class='ocrx_word' id='word_1_200' title='bbox 475 2767 534 2830; x_wconf 87' lang='lat' dir='ltr'><strong>pro</strong></span> <span class='ocrx_word' id='word_1_201' title='bbox 559 2752 624 2811; x_wconf 86' lang='lat' dir='ltr'><strong>18s.</strong></span> <span class='ocrx_word' id='word_1_202' title='bbox 645 2745 790 2810; x_wconf 88' lang='lat' dir='ltr'><strong>levandis</strong></span> <span class='ocrx_word' id='word_1_203' title='bbox 810 2746 851 2810; x_wconf 93' lang='lat' dir='ltr'><strong>de</strong></span> <span class='ocrx_word' id='word_1_204' title='bbox 866 2745 1030 2810; x_wconf 89' lang='lat' dir='ltr'><strong>Willelmo</strong></span> <span class='ocrx_word' id='word_1_205' title='bbox 1050 2745 1117 2809; x_wconf 90' lang='lat' dir='ltr'><strong>filio</strong></span> <span class='ocrx_word' id='word_1_206' title='bbox 1142 2745 1233 2810; x_wconf 89' lang='lat' dir='ltr'><strong>Elbaa</strong></span> <span class='ocrx_word' id='word_1_207' title='bbox 1252 2752 1285 2810; x_wconf 91' lang='lat' dir='ltr'><strong>et</strong></span> <span class='ocrx_word' id='word_1_208' title='bbox 1306 2747 1430 2812; x_wconf 86' lang='lat' dir='ltr'><strong>Thoma</strong></span> 
     </span>
     <span class='ocr_line' id='line_1_26' title="bbox 296 2831 1431 2916; baseline 0 -18"><span class='ocrx_word' id='word_1_209' title='bbox 296 2833 363 2898; x_wconf 89' lang='lat' dir='ltr'><strong>filio</strong></span> <span class='ocrx_word' id='word_1_210' title='bbox 379 2833 515 2898; x_wconf 86' lang='lat' dir='ltr'><strong>Ceciliae.</strong></span> <span class='ocrx_word' id='word_1_211' title='bbox 527 2868 570 2877; x_wconf 95' lang='lat'>—</span> <span class='ocrx_word' id='word_1_212' title='bbox 582 2833 727 2910; x_wconf 83' lang='lat' dir='ltr'><strong>Quatuor</strong></span> <span class='ocrx_word' id='word_1_213' title='bbox 745 2833 902 2916; x_wconf 87' lang='lat' dir='ltr'><strong>juratores</strong></span> <span class='ocrx_word' id='word_1_214' title='bbox 922 2853 980 2916; x_wconf 89' lang='lat' dir='ltr'><strong>pro</strong></span> <span class='ocrx_word' id='word_1_215' title='bbox 995 2831 1241 2908; x_wconf 79' lang='lat' dir='ltr'><strong>consolamento,</strong></span> <span class='ocrx_word' id='word_1_216' title='bbox 1255 2831 1291 2896; x_wconf 89' lang='lat' dir='ltr'><strong>in</strong></span> <span class='ocrx_word' id='word_1_217' title='bbox 1305 2834 1431 2898; x_wconf 85' lang='lat' dir='ltr'><strong>miseri-</strong></span> 
     </span>
     <span class='ocr_line' id='line_1_27' title="bbox 296 2918 1430 3002; baseline 0 -18"><span class='ocrx_word' id='word_1_218' title='bbox 296 2920 404 2984; x_wconf 87' lang='lat' dir='ltr'><strong>cordia</strong></span> <span class='ocrx_word' id='word_1_219' title='bbox 429 2920 498 2983; x_wconf 77' lang='lat' dir='ltr'><strong>lad.</strong></span> <span class='ocrx_word' id='word_1_220' title='bbox 545 2919 759 2984; x_wconf 83' lang='lat' dir='ltr'><strong>Oondonatur.</strong></span> <span class='ocrx_word' id='word_1_221' title='bbox 778 2918 903 2982; x_wconf 85' lang='lat' dir='ltr'><strong>—Tho&#39;</strong></span> <span class='ocrx_word' id='word_1_222' title='bbox 925 2920 966 2983; x_wconf 88' lang='lat' dir='ltr'><strong>de</strong></span> <span class='ocrx_word' id='word_1_223' title='bbox 992 2918 1186 3002; x_wconf 86' lang='lat' dir='ltr'><strong>Cotingham</strong></span> <span class='ocrx_word' id='word_1_224' title='bbox 1208 2918 1307 2983; x_wconf 86' lang='lat' dir='ltr'><strong>habet</strong></span> <span class='ocrx_word' id='word_1_225' title='bbox 1330 2919 1430 2984; x_wconf 89' lang='lat' dir='ltr'><strong>licen-</strong></span> 
     </span>
     <span class='ocr_line' id='line_1_28' title="bbox 296 3005 1430 3090; baseline 0.001 -20"><span class='ocrx_word' id='word_1_226' title='bbox 296 3007 380 3070; x_wconf 92' lang='lat' dir='ltr'><strong>ciam</strong></span> <span class='ocrx_word' id='word_1_227' title='bbox 394 3006 506 3071; x_wconf 86' lang='lat' dir='ltr'><strong>arandi</strong></span> <span class='ocrx_word' id='word_1_228' title='bbox 520 3012 638 3070; x_wconf 83' lang='lat' dir='ltr'><strong>terram</strong></span> <span class='ocrx_word' id='word_1_229' title='bbox 653 3005 791 3090; x_wconf 86' lang='lat' dir='ltr'><strong>Agnetis</strong></span> <span class='ocrx_word' id='word_1_230' title='bbox 808 3005 964 3070; x_wconf 87' lang='lat' dir='ltr'><strong>Redhude</strong></span> <span class='ocrx_word' id='word_1_231' title='bbox 985 3026 1042 3088; x_wconf 90' lang='lat' dir='ltr'><strong>per</strong></span> <span class='ocrx_word' id='word_1_232' title='bbox 1064 3005 1143 3068; x_wconf 90' lang='lat' dir='ltr'><strong>duos</strong></span> <span class='ocrx_word' id='word_1_233' title='bbox 1158 3025 1258 3069; x_wconf 86' lang='lat' dir='ltr'><strong>annos</strong></span> <span class='ocrx_word' id='word_1_234' title='bbox 1273 3026 1332 3088; x_wconf 91' lang='lat' dir='ltr'><strong>pro</strong></span> <span class='ocrx_word' id='word_1_235' title='bbox 1347 3007 1430 3071; x_wconf 87' lang='lat' dir='ltr'><strong>med&#39;</strong></span> 
     </span>
     <span class='ocr_line' id='line_1_29' title="bbox 296 3092 453 3158; baseline 0.006 -1"><span class='ocrx_word' id='word_1_236' title='bbox 296 3092 453 3158; x_wconf 91' lang='lat' dir='ltr'><strong>habenda.</strong></span> 
     </span>
    </p>

    <p class='ocr_par' dir='ltr' id='par_1_5' title="bbox 294 3177 1552 3692">
     <span class='ocr_line' id='line_1_30' title="bbox 338 3177 1429 3262; baseline 0 -19"><span class='ocrx_word' id='word_1_237' title='bbox 338 3180 529 3244; x_wconf 73' lang='lat' dir='ltr'><strong>Fumwunn,</strong></span> <span class='ocrx_word' id='word_1_238' title='bbox 572 3179 757 3244; x_wconf 88' lang='lat' dir='ltr'><strong>Willelmus</strong></span> <span class='ocrx_word' id='word_1_239' title='bbox 779 3179 878 3262; x_wconf 88' lang='lat' dir='ltr'><strong>Maye</strong></span> <span class='ocrx_word' id='word_1_240' title='bbox 900 3177 985 3261; x_wconf 88' lang='lat' dir='ltr'><strong>oepit</strong></span> <span class='ocrx_word' id='word_1_241' title='bbox 999 3177 1119 3243; x_wconf 84' lang='lat' dir='ltr'><strong>toftum</strong></span> <span class='ocrx_word' id='word_1_242' title='bbox 1140 3184 1172 3242; x_wconf 89' lang='lat' dir='ltr'><strong>et</strong></span> <span class='ocrx_word' id='word_1_243' title='bbox 1193 3183 1310 3242; x_wconf 86' lang='lat' dir='ltr'><strong>terram</strong></span> <span class='ocrx_word' id='word_1_244' title='bbox 1331 3200 1429 3262; x_wconf 88' lang='lat' dir='ltr'><strong>quam</strong></span> 
     </span>
     <span class='ocr_line' id='line_1_31' title="bbox 298 3264 1552 3342; baseline 0.002 -14"><span class='ocrx_word' id='word_1_245' title='bbox 298 3265 422 3329; x_wconf 83' lang='lat' dir='ltr'><strong>Alanus</strong></span> <span class='ocrx_word' id='word_1_246' title='bbox 443 3265 530 3329; x_wconf 92' lang='lat' dir='ltr'><strong>filius</strong></span> <span class='ocrx_word' id='word_1_247' title='bbox 552 3266 641 3329; x_wconf 87' lang='lat' dir='ltr'><strong>Petri</strong></span> <span class='ocrx_word' id='word_1_248' title='bbox 662 3266 778 3342; x_wconf 89' lang='lat' dir='ltr'><strong>tenuit,</strong></span> <span class='ocrx_word' id='word_1_249' title='bbox 792 3264 938 3328; x_wconf 87' lang='lat' dir='ltr'><strong>faciendo</strong></span> <span class='ocrx_word' id='word_1_250' title='bbox 961 3265 1094 3328; x_wconf 86' lang='lat' dir='ltr'><strong>servicia</strong></span> <span class='ocrx_word' id='word_1_251' title='bbox 1115 3270 1275 3342; x_wconf 89' lang='lat' dir='ltr'><strong>consueta,</strong></span> <span class='ocrx_word' id='word_1_252' title='bbox 1291 3270 1323 3329; x_wconf 86' lang='lat' dir='ltr'><strong>et</strong></span> <span class='ocrx_word' id='word_1_253' title='bbox 1339 3266 1430 3330; x_wconf 90' lang='lat' dir='ltr'><strong>dabit</strong></span> <span class='ocrx_word' id='word_1_254' title='bbox 1551 3315 1552 3318; x_wconf 63' lang='lat'><strong>,</strong></span> 
     </span>
     <span class='ocr_line' id='line_1_32' title="bbox 295 3351 1430 3434; baseline 0.003 -20"><span class='ocrx_word' id='word_1_255' title='bbox 295 3351 337 3414; x_wconf 92' lang='lat' dir='ltr'><strong>ad</strong></span> <span class='ocrx_word' id='word_1_256' title='bbox 351 3351 539 3434; x_wconf 79' lang='lat' dir='ltr'><strong>g’summam</strong></span> <span class='ocrx_word' id='word_1_257' title='bbox 557 3357 632 3427; x_wconf 83' lang='lat' dir='ltr'><strong>20s,</strong></span> <span class='ocrx_word' id='word_1_258' title='bbox 647 3371 745 3434; x_wconf 89' lang='lat' dir='ltr'><strong>quam</strong></span> <span class='ocrx_word' id='word_1_259' title='bbox 759 3357 877 3415; x_wconf 85' lang='lat' dir='ltr'><strong>terram</strong></span> <span class='ocrx_word' id='word_1_260' title='bbox 894 3351 1018 3415; x_wconf 88' lang='lat' dir='ltr'><strong>tenebit</strong></span> <span class='ocrx_word' id='word_1_261' title='bbox 1032 3351 1073 3414; x_wconf 89' lang='lat' dir='ltr'><strong>ad</strong></span> <span class='ocrx_word' id='word_1_262' title='bbox 1088 3357 1177 3415; x_wconf 88' lang='lat' dir='ltr'><strong>term.</strong></span> <span class='ocrx_word' id='word_1_263' title='bbox 1193 3351 1269 3414; x_wconf 86' lang='lat' dir='ltr'><strong>vitae</strong></span> <span class='ocrx_word' id='word_1_264' title='bbox 1284 3371 1372 3417; x_wconf 88' lang='lat' dir='ltr'><strong>suae:</strong></span> <span class='ocrx_word' id='word_1_265' title='bbox 1397 3359 1430 3417; x_wconf 90' lang='lat' dir='ltr'><strong>et</strong></span> 
     </span>
     <span class='ocr_line' id='line_1_33' title="bbox 295 3436 1430 3520; baseline 0.002 -20"><span class='ocrx_word' id='word_1_266' title='bbox 295 3437 402 3500; x_wconf 88' lang='lat' dir='ltr'><strong>dictus</strong></span> <span class='ocrx_word' id='word_1_267' title='bbox 424 3436 547 3501; x_wconf 86' lang='lat' dir='ltr'><strong>Alanus</strong></span> <span class='ocrx_word' id='word_1_268' title='bbox 569 3436 656 3501; x_wconf 89' lang='lat' dir='ltr'><strong>filius</strong></span> <span class='ocrx_word' id='word_1_269' title='bbox 679 3438 767 3501; x_wconf 89' lang='lat' dir='ltr'><strong>Petri</strong></span> <span class='ocrx_word' id='word_1_270' title='bbox 787 3437 919 3501; x_wconf 89' lang='lat' dir='ltr'><strong>habebit</strong></span> <span class='ocrx_word' id='word_1_271' title='bbox 940 3441 1008 3501; x_wconf 89' lang='lat' dir='ltr'><strong>tota</strong></span> <span class='ocrx_word' id='word_1_272' title='bbox 1022 3438 1092 3501; x_wconf 87' lang='lat' dir='ltr'><strong>vita</strong></span> <span class='ocrx_word' id='word_1_273' title='bbox 1113 3457 1172 3501; x_wconf 89' lang='lat' dir='ltr'><strong>sua</strong></span> <span class='ocrx_word' id='word_1_274' title='bbox 1192 3437 1375 3520; x_wconf 88' lang='lat' dir='ltr'><strong>hospicium</strong></span> <span class='ocrx_word' id='word_1_275' title='bbox 1395 3439 1430 3502; x_wconf 90' lang='lat' dir='ltr'><strong>in</strong></span> 
     </span>
     <span class='ocr_line' id='line_1_34' title="bbox 295 3523 1430 3608; baseline 0.002 -22"><span class='ocrx_word' id='word_1_276' title='bbox 295 3523 382 3587; x_wconf 89' lang='lat' dir='ltr'><strong>dicto</strong></span> <span class='ocrx_word' id='word_1_277' title='bbox 403 3523 486 3586; x_wconf 83' lang='lat' dir='ltr'><strong>tofto</strong></span> <span class='ocrx_word' id='word_1_278' title='bbox 512 3528 545 3587; x_wconf 90' lang='lat' dir='ltr'><strong>et</strong></span> <span class='ocrx_word' id='word_1_279' title='bbox 566 3528 632 3587; x_wconf 90' lang='lat' dir='ltr'><strong>tres</strong></span> <span class='ocrx_word' id='word_1_280' title='bbox 655 3523 748 3587; x_wconf 87' lang='lat' dir='ltr'><strong>rodas</strong></span> <span class='ocrx_word' id='word_1_281' title='bbox 771 3524 922 3608; x_wconf 81' lang='lat' dir='ltr'><strong>predictae</strong></span> <span class='ocrx_word' id='word_1_282' title='bbox 944 3529 1045 3601; x_wconf 88' lang='lat' dir='ltr'><strong>terrae,</strong></span> <span class='ocrx_word' id='word_1_283' title='bbox 1059 3523 1212 3588; x_wconf 89' lang='lat' dir='ltr'><strong>videlicet</strong></span> <span class='ocrx_word' id='word_1_284' title='bbox 1227 3525 1264 3588; x_wconf 91' lang='lat' dir='ltr'><strong>in</strong></span> <span class='ocrx_word' id='word_1_285' title='bbox 1283 3525 1430 3608; x_wconf 84' lang='lat' dir='ltr'><strong>quolibet</strong></span> 
     </span>
     <span class='ocr_line' id='line_1_35' title="bbox 294 3608 653 3692; baseline 0 -18"><span class='ocrx_word' id='word_1_286' title='bbox 294 3629 408 3692; x_wconf 89' lang='lat' dir='ltr'><strong>campo</strong></span> <span class='ocrx_word' id='word_1_287' title='bbox 422 3630 521 3673; x_wconf 90' lang='lat' dir='ltr'><strong>unam</strong></span> <span class='ocrx_word' id='word_1_288' title='bbox 535 3608 653 3674; x_wconf 83' lang='lat' dir='ltr'><strong>rodam</strong></span> 
     </span>
    </p>

    <p class='ocr_par' dir='ltr' id='par_1_6' title="bbox 292 3696 1550 4125">
     <span class='ocr_line' id='line_1_36' title="bbox 338 3696 1429 3780; baseline 0.001 -19"><span class='ocrx_word' id='word_1_289' title='bbox 338 3697 485 3761; x_wconf 74' lang='lat' dir='ltr'><strong>Sonans.</strong></span> <span class='ocrx_word' id='word_1_290' title='bbox 530 3696 688 3760; x_wconf 88' lang='lat' dir='ltr'><strong>Robertus</strong></span> <span class='ocrx_word' id='word_1_291' title='bbox 703 3696 845 3761; x_wconf 81' lang='lat' dir='ltr'><strong>Clericus</strong></span> <span class='ocrx_word' id='word_1_292' title='bbox 861 3696 946 3779; x_wconf 87' lang='lat' dir='ltr'><strong>cepit</strong></span> <span class='ocrx_word' id='word_1_293' title='bbox 968 3696 1128 3780; x_wconf 87' lang='lat' dir='ltr'><strong>cotagium</strong></span> <span class='ocrx_word' id='word_1_294' title='bbox 1142 3696 1228 3780; x_wconf 90' lang='lat' dir='ltr'><strong>quod</strong></span> <span class='ocrx_word' id='word_1_295' title='bbox 1242 3697 1429 3762; x_wconf 88' lang='lat' dir='ltr'><strong>Willelmus</strong></span> 
     </span>
     <span class='ocr_line' id='line_1_37' title="bbox 292 3783 1430 3868; baseline 0.001 -21"><span class='ocrx_word' id='word_1_296' title='bbox 292 3783 440 3848; x_wconf 87' lang='lat' dir='ltr'><strong>Anketin</strong></span> <span class='ocrx_word' id='word_1_297' title='bbox 454 3783 569 3861; x_wconf 90' lang='lat' dir='ltr'><strong>tenuit,</strong></span> <span class='ocrx_word' id='word_1_298' title='bbox 579 3783 740 3863; x_wconf 87' lang='lat' dir='ltr'><strong>reddendo</strong></span> <span class='ocrx_word' id='word_1_299' title='bbox 752 3783 919 3865; x_wconf 88' lang='lat' dir='ltr'><strong>antiquam</strong></span> <span class='ocrx_word' id='word_1_300' title='bbox 928 3784 1072 3847; x_wconf 88' lang='lat' dir='ltr'><strong>firmam:</strong></span> <span class='ocrx_word' id='word_1_301' title='bbox 1094 3784 1138 3846; x_wconf 85' lang='lat' dir='ltr'><strong>Et</strong></span> <span class='ocrx_word' id='word_1_302' title='bbox 1149 3783 1239 3847; x_wconf 87' lang='lat' dir='ltr'><strong>dabit</strong></span> <span class='ocrx_word' id='word_1_303' title='bbox 1253 3783 1294 3848; x_wconf 85' lang='lat' dir='ltr'><strong>ad</strong></span> <span class='ocrx_word' id='word_1_304' title='bbox 1308 3786 1430 3868; x_wconf 84' lang='lat' dir='ltr'><strong>g&#39;sum-</strong></span> 
     </span>
     <span class='ocr_line' id='line_1_38' title="bbox 293 3869 1429 3955; baseline 0.001 -21"><span class='ocrx_word' id='word_1_305' title='bbox 293 3891 380 3934; x_wconf 91' lang='lat' dir='ltr'><strong>mam</strong></span> <span class='ocrx_word' id='word_1_306' title='bbox 398 3871 469 3935; x_wconf 82' lang='lat' dir='ltr'><strong>12d.</strong></span> <span class='ocrx_word' id='word_1_307' title='bbox 481 3909 524 3919; x_wconf 88' lang='lat'>-</span> <span class='ocrx_word' id='word_1_308' title='bbox 534 3871 684 3934; x_wconf 84' lang='lat' dir='ltr'><strong>Eufemia</strong></span> <span class='ocrx_word' id='word_1_309' title='bbox 697 3869 811 3934; x_wconf 89' lang='lat' dir='ltr'><strong>relicta</strong></span> <span class='ocrx_word' id='word_1_310' title='bbox 825 3869 941 3953; x_wconf 87' lang='lat' dir='ltr'><strong>Rogeri</strong></span> <span class='ocrx_word' id='word_1_311' title='bbox 956 3869 1053 3952; x_wconf 86' lang='lat' dir='ltr'><strong>Lyolf</strong></span> <span class='ocrx_word' id='word_1_312' title='bbox 1065 3869 1150 3952; x_wconf 91' lang='lat' dir='ltr'><strong>cepit</strong></span> <span class='ocrx_word' id='word_1_313' title='bbox 1165 3871 1327 3953; x_wconf 90' lang='lat' dir='ltr'><strong>cotagium</strong></span> <span class='ocrx_word' id='word_1_314' title='bbox 1342 3871 1429 3955; x_wconf 91' lang='lat' dir='ltr'><strong>quod</strong></span> 
     </span>
     <span class='ocr_line' id='line_1_39' title="bbox 292 3955 1430 4041; baseline 0.001 -21"><span class='ocrx_word' id='word_1_315' title='bbox 292 3957 344 4020; x_wconf 89' lang='lat' dir='ltr'><strong>vir</strong></span> <span class='ocrx_word' id='word_1_316' title='bbox 363 3977 441 4021; x_wconf 89' lang='lat' dir='ltr'><strong>suus</strong></span> <span class='ocrx_word' id='word_1_317' title='bbox 463 3957 578 4034; x_wconf 85' lang='lat' dir='ltr'><strong>tenuit,</strong></span> <span class='ocrx_word' id='word_1_318' title='bbox 599 3957 685 4022; x_wconf 88' lang='lat' dir='ltr'><strong>redd.</strong></span> <span class='ocrx_word' id='word_1_319' title='bbox 709 3978 739 4040; x_wconf 90' lang='lat' dir='ltr'><strong>p.</strong></span> <span class='ocrx_word' id='word_1_320' title='bbox 755 3976 782 4021; x_wconf 87' lang='lat' dir='ltr'><strong>a</strong></span> <span class='ocrx_word' id='word_1_321' title='bbox 807 3955 1108 4020; x_wconf 89' lang='lat' dir='ltr'><strong>6d.-Willelmus</strong></span> <span class='ocrx_word' id='word_1_322' title='bbox 1133 3956 1320 4040; x_wconf 84' lang='lat' dir='ltr'><strong>Wytheued</strong></span> <span class='ocrx_word' id='word_1_323' title='bbox 1343 3959 1430 4041; x_wconf 92' lang='lat' dir='ltr'><strong>cepit</strong></span> 
     </span>
     <span class='ocr_line' id='line_1_40' title="bbox 293 4042 1550 4125; baseline -0.001 -18"><span class='ocrx_word' id='word_1_324' title='bbox 293 4042 426 4107; x_wconf 91' lang='lat' dir='ltr'><strong>domum</strong></span> <span class='ocrx_word' id='word_1_325' title='bbox 440 4062 538 4125; x_wconf 90' lang='lat' dir='ltr'><strong>quam</strong></span> <span class='ocrx_word' id='word_1_326' title='bbox 553 4043 665 4107; x_wconf 85' lang='lat' dir='ltr'><strong>Simon</strong></span> <span class='ocrx_word' id='word_1_327' title='bbox 680 4043 772 4106; x_wconf 88' lang='lat' dir='ltr'><strong>Pcite</strong></span> <span class='ocrx_word' id='word_1_328' title='bbox 786 4042 901 4118; x_wconf 89' lang='lat' dir='ltr'><strong>tenuit,</strong></span> <span class='ocrx_word' id='word_1_329' title='bbox 916 4042 1000 4106; x_wconf 88' lang='lat' dir='ltr'><strong>redd.</strong></span> <span class='ocrx_word' id='word_1_330' title='bbox 1015 4063 1046 4125; x_wconf 89' lang='lat' dir='ltr'><strong>p.</strong></span> <span class='ocrx_word' id='word_1_331' title='bbox 1062 4063 1088 4106; x_wconf 92' lang='lat' dir='ltr'><strong>a.</strong></span> <span class='ocrx_word' id='word_1_332' title='bbox 1108 4043 1177 4107; x_wconf 73' lang='lat' dir='ltr'><strong>lad.</strong></span> <span class='ocrx_word' id='word_1_333' title='bbox 1549 4093 1550 4120; x_wconf 71' lang='lat'><strong>,</strong></span> 
     </span>
    </p>

    <p class='ocr_par' dir='ltr' id='par_1_7' title="bbox 291 4128 1549 4646">
     <span class='ocr_line' id='line_1_41' title="bbox 336 4128 1429 4212; baseline 0.003 -20"><span class='ocrx_word' id='word_1_334' title='bbox 336 4130 536 4192; x_wconf 69' lang='lat' dir='ltr'><strong>Wrunsrou</strong></span> <span class='ocrx_word' id='word_1_335' title='bbox 580 4129 713 4193; x_wconf 84' lang='lat' dir='ltr'><strong>Juliana</strong></span> <span class='ocrx_word' id='word_1_336' title='bbox 729 4129 868 4212; x_wconf 87' lang='lat' dir='ltr'><strong>Sprunte</strong></span> <span class='ocrx_word' id='word_1_337' title='bbox 889 4129 974 4212; x_wconf 89' lang='lat' dir='ltr'><strong>oepit</strong></span> <span class='ocrx_word' id='word_1_338' title='bbox 988 4135 1106 4193; x_wconf 87' lang='lat' dir='ltr'><strong>terram</strong></span> <span class='ocrx_word' id='word_1_339' title='bbox 1127 4150 1225 4212; x_wconf 85' lang='lat' dir='ltr'><strong>quam</strong></span> <span class='ocrx_word' id='word_1_340' title='bbox 1246 4128 1373 4194; x_wconf 86' lang='lat' dir='ltr'><strong>Alanus</strong></span> <span class='ocrx_word' id='word_1_341' title='bbox 1389 4130 1429 4195; x_wconf 89' lang='lat' dir='ltr'><strong>de</strong></span> 
     </span>
     <span class='ocr_line' id='line_1_42' title="bbox 293 4214 1429 4299; baseline 0.001 -20"><span class='ocrx_word' id='word_1_342' title='bbox 293 4214 444 4279; x_wconf 86' lang='lat' dir='ltr'><strong>Suthwik</strong></span> <span class='ocrx_word' id='word_1_343' title='bbox 458 4215 564 4278; x_wconf 88' lang='lat' dir='ltr'><strong>tenuit</strong></span> <span class='ocrx_word' id='word_1_344' title='bbox 578 4234 744 4298; x_wconf 89' lang='lat' dir='ltr'><strong>quousque</strong></span> <span class='ocrx_word' id='word_1_345' title='bbox 759 4223 823 4279; x_wconf 89' lang='lat' dir='ltr'><strong>tres</strong></span> <span class='ocrx_word' id='word_1_346' title='bbox 838 4219 983 4280; x_wconf 86' lang='lat' dir='ltr'><strong>vesturas</strong></span> <span class='ocrx_word' id='word_1_347' title='bbox 997 4216 1182 4299; x_wconf 88' lang='lat' dir='ltr'><strong>perceperit,</strong></span> <span class='ocrx_word' id='word_1_348' title='bbox 1198 4237 1295 4299; x_wconf 89' lang='lat' dir='ltr'><strong>quam</strong></span> <span class='ocrx_word' id='word_1_349' title='bbox 1310 4221 1429 4280; x_wconf 87' lang='lat' dir='ltr'><strong>terram</strong></span> 
     </span>
     <span class='ocr_line' id='line_1_43' title="bbox 292 4300 1429 4384; baseline 0.001 -19"><span class='ocrx_word' id='word_1_350' title='bbox 292 4301 379 4383; x_wconf 85' lang='lat' dir='ltr'><strong>oepit</strong></span> <span class='ocrx_word' id='word_1_351' title='bbox 405 4300 603 4375; x_wconf 87' lang='lat' dir='ltr'><strong>seminatam,</strong></span> <span class='ocrx_word' id='word_1_352' title='bbox 629 4305 661 4364; x_wconf 89' lang='lat' dir='ltr'><strong>et</strong></span> <span class='ocrx_word' id='word_1_353' title='bbox 688 4301 775 4364; x_wconf 87' lang='lat' dir='ltr'><strong>dicta</strong></span> <span class='ocrx_word' id='word_1_354' title='bbox 798 4301 932 4366; x_wconf 86' lang='lat' dir='ltr'><strong>Juliana</strong></span> <span class='ocrx_word' id='word_1_355' title='bbox 960 4302 1136 4366; x_wconf 86' lang='lat' dir='ltr'><strong>satisfaciet</strong></span> <span class='ocrx_word' id='word_1_356' title='bbox 1164 4303 1254 4384; x_wconf 90' lang='lat' dir='ltr'><strong>prius</strong></span> <span class='ocrx_word' id='word_1_357' title='bbox 1284 4302 1429 4367; x_wconf 88' lang='lat' dir='ltr'><strong>Henrico</strong></span> 
     </span>
     <span class='ocr_line' id='line_1_44' title="bbox 293 4386 1549 4471; baseline 0.006 -21"><span class='ocrx_word' id='word_1_358' title='bbox 293 4387 413 4450; x_wconf 91' lang='lat' dir='ltr'><strong>Bullok</strong></span> <span class='ocrx_word' id='word_1_359' title='bbox 428 4386 469 4450; x_wconf 90' lang='lat' dir='ltr'><strong>de</strong></span> <span class='ocrx_word' id='word_1_360' title='bbox 491 4392 616 4470; x_wconf 88' lang='lat' dir='ltr'><strong>septem</strong></span> <span class='ocrx_word' id='word_1_361' title='bbox 641 4386 765 4463; x_wconf 85' lang='lat' dir='ltr'><strong>marcia,</strong></span> <span class='ocrx_word' id='word_1_362' title='bbox 789 4394 822 4451; x_wconf 89' lang='lat' dir='ltr'><strong>et</strong></span> <span class='ocrx_word' id='word_1_363' title='bbox 845 4389 986 4452; x_wconf 93' lang='lat' dir='ltr'><strong>Domino</strong></span> <span class='ocrx_word' id='word_1_364' title='bbox 1013 4389 1116 4452; x_wconf 89' lang='lat' dir='ltr'><strong>Priori</strong></span> <span class='ocrx_word' id='word_1_365' title='bbox 1138 4409 1195 4471; x_wconf 90' lang='lat' dir='ltr'><strong>pro</strong></span> <span class='ocrx_word' id='word_1_366' title='bbox 1218 4388 1326 4452; x_wconf 85' lang='lat' dir='ltr'><strong>debito</strong></span> <span class='ocrx_word' id='word_1_367' title='bbox 1349 4389 1430 4453; x_wconf 89' lang='lat' dir='ltr'><strong>dicti</strong></span> <span class='ocrx_word' id='word_1_368' title='bbox 1548 4441 1549 4458; x_wconf 28' lang='lat' dir='ltr'><strong>t</strong></span> 
     </span>
     <span class='ocr_line' id='line_1_45' title="bbox 291 4473 1431 4555; baseline 0.002 -17"><span class='ocrx_word' id='word_1_369' title='bbox 291 4473 392 4538; x_wconf 87' lang='lat' dir='ltr'><strong>Alani</strong></span> <span class='ocrx_word' id='word_1_370' title='bbox 414 4479 537 4555; x_wconf 88' lang='lat' dir='ltr'><strong>septem</strong></span> <span class='ocrx_word' id='word_1_371' title='bbox 559 4473 683 4550; x_wconf 87' lang='lat' dir='ltr'><strong>mareis,</strong></span> <span class='ocrx_word' id='word_1_372' title='bbox 704 4473 851 4538; x_wconf 88' lang='lat' dir='ltr'><strong>terminis</strong></span> <span class='ocrx_word' id='word_1_373' title='bbox 874 4474 1048 4539; x_wconf 79' lang='lat' dir='ltr'><strong>solutionis</strong></span> <span class='ocrx_word' id='word_1_374' title='bbox 1070 4475 1111 4538; x_wconf 88' lang='lat' dir='ltr'><strong>ad</strong></span> <span class='ocrx_word' id='word_1_375' title='bbox 1134 4476 1226 4540; x_wconf 88' lang='lat' dir='ltr'><strong>Pent.</strong></span> <span class='ocrx_word' id='word_1_376' title='bbox 1250 4496 1344 4550; x_wconf 93' lang='lat' dir='ltr'><strong>anno,</strong></span> <span class='ocrx_word' id='word_1_377' title='bbox 1360 4482 1431 4552; x_wconf 86' lang='lat' dir='ltr'><strong>etc,</strong></span> 
     </span>
     <span class='ocr_line' id='line_1_46' title="bbox 291 4560 1431 4646; baseline 0.001 -21"><span class='ocrx_word' id='word_1_378' title='bbox 291 4560 497 4646; x_wconf 86' lang='lat' dir='ltr'><strong>nonagesimo</strong></span> <span class='ocrx_word' id='word_1_379' title='bbox 512 4560 659 4644; x_wconf 87' lang='lat' dir='ltr'><strong>septimo,</strong></span> <span class='ocrx_word' id='word_1_380' title='bbox 676 4567 751 4638; x_wconf 72' lang='lat' dir='ltr'><strong>los,</strong></span> <span class='ocrx_word' id='word_1_381' title='bbox 766 4561 807 4624; x_wconf 91' lang='lat' dir='ltr'><strong>ad</strong></span> <span class='ocrx_word' id='word_1_382' title='bbox 822 4560 940 4625; x_wconf 89' lang='lat' dir='ltr'><strong>festum</strong></span> <span class='ocrx_word' id='word_1_383' title='bbox 959 4562 989 4626; x_wconf 85' lang='lat' dir='ltr'><strong>S.</strong></span> <span class='ocrx_word' id='word_1_384' title='bbox 1006 4561 1177 4627; x_wconf 86' lang='lat' dir='ltr'><strong>Cuthberti</strong></span> <span class='ocrx_word' id='word_1_385' title='bbox 1197 4563 1232 4625; x_wconf 89' lang='lat' dir='ltr'><strong>iu</strong></span> <span class='ocrx_word' id='word_1_386' title='bbox 1248 4561 1431 4645; x_wconf 86' lang='lat' dir='ltr'><strong>Septembri</strong></span> 
     </span>
    </p>
   </div>
   <div class='ocr_carea' id='block_1_3' title="bbox 0 0 1560 5220">
    <p class='ocr_par' dir='ltr' id='par_1_8' title="bbox 0 0 1560 5220">
     <span class='ocr_line' id='line_1_47' title="bbox 0 0 1560 5220; baseline 0 0"><span class='ocrx_word' id='word_1_387' title='bbox 0 0 1560 5220; x_wconf 95' lang='lat' dir='ltr'><strong> </strong></span> 
     </span>
    </p>
   </div>
  </div>
 </body>
</html>
