3224 5212
333 565 393 624 186
581 573 740 623 eunom
760 573 943 622 ememus
965 571 1206 620 DUNELMENSIS.
1380 558 1468 628 1³84.
1573 531 1574 534 ¹

331 733 417 818 preti
439 732 475 797 in
498 731 649 808 Suthker,
664 731 704 796 de
724 732 825 796 libere
840 738 924 797 terra
938 731 1035 817 praed.
1050 730 1074 794 J
1075 729 1135 805 oh„
1151 749 1223 812 quee
1239 728 1310 812 [sie]
1325 727 1470 792 vendidit

333 821 415 884 dom.
432 819 544 896 Priori,
559 828 592 884 et
605 827 713 884 tenere
729 819 771 884 ed
784 826 874 884 term.
892 819 968 884 vitae
983 839 1059 894 suae,
1073 816 1159 882 redd.
1176 836 1233 899 per
1247 837 1297 880 en.
1313 824 1353 880 v⁸.
1575 869 1576 872 ,

375 907 498 972 Acm.
543 907 594 971 De
620 907 695 970 Joh.
720 907 871 971 Webster
891 926 950 990 pro
975 903 1107 970 cultello
1130 924 1188 967 suo
1210 910 1364 978 extraote,
1379 907 1472 985 prout

331 1004 533 1079 compertum
555 999 613 1070 est,
635 994 671 1078 iij
695 994 829 1069 vicibue,
844 993 990 1077 quelibet
1011 992 1082 1056 viee
1104 988 1404 1054 xl⁶.-Ordinatum
1426 994 1472 1052 est
1575 989 1576 992 ’

332 1103 373 1146 ex
384 1081 550 1146 communi
564 1101 697 1145 assensu
709 1081 795 1164 quod
811 1081 889 1164 [ten.
900 1079 1150 1161 interliewd,flve
1160 1098 1268 1142 names
1278 1099 1366 1140 occur
1377 1077 1415 1139 ie
1427 1076 1472 1138 tte

331 1168 474 1253 marein]
489 1167 623 1232 videant
644 1189 775 1232 cursum
797 1188 898 1252 equae,
919 1174 1005 1231 retro
1026 1166 1113 1250 gerd.
1136 1164 1210 1228 Joh.
1234 1213 1242 1230 .
1265 1213 1271 1226 .
1293 1213 1301 1228 .
1325 1164 1374 1227 ita
1388 1161 1471 1247 quod

332 1257 427 1340 praed.
458 1275 570 1319 cursus
600 1276 666 1319 non
696 1255 841 1319 destruat
863 1255 1042 1319 dominicae
1071 1259 1127 1316 ter.
1152 1271 1211 1316 nee
1242 1251 1363 1326 domos,
1394 1250 1471 1314 eitra

327 1363 415 1428 prox.
427 1363 502 1419 eun,
516 1343 577 1406 sub
592 1363 689 1426 poene
703 1341 744 1407 di.
761 1362 855 1406 mere.

376 1431 475 1494 FERY.
520 1430 595 1494 doh.
622 1430 662 1494 de
689 1429 869 1494 Bieheborn
899 1450 925 1494 e.
955 1428 991 1512 iij
1024 1448 1068 1492 ae.
1096 1428 1194 1510 juxta
1223 1426 1254 1489 le
1284 1424 1470 1496 Welheued,

333 1515 469 1581 habend.
485 1516 527 1580 ed
547 1524 637 1581 term.
652 1517 729 1580 vitae
751 1537 827 1592 suae,
841 1516 928 1581 redd.
944 1516 981 1599 ij·
992 1512 1168 1598 vj⁶.--J0h.
1185 1514 1305 1577 Person
1330 1533 1354 1576 e.
1375 1512 1397 1594 ij
1414 1518 1470 1574 cot.

333 1603 411 1686 xxvj
424 1623 469 1668 ee.
481 1609 538 1668 ter.
550 1624 623 1688 quae
639 1604 839 1668 devenerunt
850 1604 885 1666 in
896 1623 996 1667 manu
1012 1604 1094 1666 dom.
1107 1621 1204 1664 eausa
1215 1599 1331 1663 wardae
1347 1599 1389 1662 fil.
1403 1595 1470 1684 [ete]

333 1690 400 1754 Rie.
418 1691 539 1755 Person
561 1691 716 1768 defuncti,
732 1697 765 1754 et
780 1711 852 1774 quae
867 1691 961 1773 praed.
985 1739 993 1756 .
1017 1740 1024 1755 .
1046 1739 1054 1754 .
1077 1688 1252 1771 aequisivit
1272 1687 1308 1750 in
1331 1686 1413 1748 villa
1434 1685 1469 1747 de

333 1778 359 1840 F
360 1799 435 1862 ery3
457 1777 594 1844 habend.
611 1778 650 1841 ad
667 1777 796 1862 plenam
812 1783 942 1841 aetetem
957 1775 1085 1841 heredis
1100 1775 1210 1859 praed„
1220 1774 1305 1838 redd
1322 1773 1406 1857 proj
1423 1793 1469 1836 en.

333 1873 375 1940 κ’,
390 1871 423 1929 et
444 1871 556 1948 postea
576 1864 723 1949 quolibet
745 1885 830 1928 anno
853 1915 859 1930 .
883 1915 890 1928 .
914 1915 921 1928 .
946 1913 954 1940 ,
975 1863 1161 1946 incipiendo
1187 1862 1310 1926 solvere
1335 1861 1378 1924 ad
1400 1861 1467 1924 fest.

333 1951 364 2016 S.
379 1953 513 2017 Martini
528 1973 613 2016 enno
635 1953 730 2016 Dom.
746 1958 806 2016 etc.
824 1949 953 2014 lxxxve
964 1974 972 2030 ;
995 1957 1028 2014 et
1042 1950 1139 2014 faeiet
1159 1949 1241 2012 dom.
1265 1956 1298 2012 et
1319 1949 1381 2012 vic.
1402 1965 1469 2030 quae

333 2040 545 2118 incumbunt;
579 2044 611 2103 et
636 2040 732 2123 praed.
760 2038 834 2103 Joh.
861 2045 921 2102 cot.
952 2045 986 2102 et
1011 2043 1067 2102 ter.
1091 2039 1126 2100 in
1150 2038 1214 2100 fine
1244 2043 1336 2100 term.
1362 2035 1414 2099 eui
1437 2033 1469 2094 in

334 2126 506 2191 sufficienti
522 2136 555 2191 et
570 2127 654 2191 bono
670 2135 758 2190 stetu
774 2126 925 2191 dimittet.
