3224 5212
158 583 250 647 1379.
428 596 586 646 ammom
608 597 791 647 rmonlrns
813 598 1054 648 normaniam.
1235 589 1293 648 161

157 753 300 820 serviens
321 756 408 839 apud
431 756 576 832 Fulwell,
592 763 625 821 et
639 755 747 822 Alicio
762 757 805 822 fil.
821 756 897 824 Joh.
914 757 1061 821 Eliotson
1077 757 1196 821 ancilla
1211 760 1298 841 apud

157 862 276 908 maner.
293 842 333 906 de
355 843 500 920 Fulwell‚
516 844 559 912 Is.
576 844 619 909 fil
635 843 725 911 Will.
751 844 931 929 Maymond
945 845 985 909 de
1006 845 1204 928 WyvestoW,
1220 846 1295 912 Joh.

158 930 265 993 Arnas
274 930 406 994 nativus
416 930 452 993 in
461 930 681 1007 Walleshend‚
691 936 724 995 et
734 931 809 996 Joh.
818 931 1017 1016 Willrynson
1029 951 1117 995 nunc
1128 939 1297 997 manentes

157 1017 244 1100 opud
259 1017 397 1093 Harton,
412 1024 489 1082 sunt
502 1025 568 1082 nat
585 1018 668 1082 dom.
685 1018 814 1094 Prioris,
829 1026 863 1082 et
877 1039 935 1102 pro
949 1017 1069 1082 talibus
1085 1019 1149 1102 ipsi
1161 1025 1195 1083 et
1210 1026 1297 1084 ante-

156 1124 296 1168 cessores
310 1105 363 1167 sui
378 1105 418 1168 de
432 1111 501 1168 toto
515 1113 659 1189 tempore
673 1106 874 1170 tenebantur.

200 1191 354 1255 Haerere.
398 1191 506 1255 Adam
522 1192 635 1256 Carter
648 1192 735 1276 cepit
751 1193 765 1276 j
783 1192 878 1256 bond.
894 1191 1012 1256 ultimo
1027 1191 1061 1254 in
1085 1199 1149 1258 ten.
1166 1192 1297 1257 Thomas

157 1279 263 1362 Page;
283 1278 355 1341 hab.
368 1278 410 1341 ed
421 1278 545 1342 volunt.
556 1279 639 1343 dom.
652 1280 694 1343 ad
705 1280 786 1345 firm.
797 1279 913 1354 denen,
923 1278 1011 1344 redd.
1023 1299 1049 1354 p.
1062 1300 1089 1342 a.
1102 1299 1182 1344 scac.
1195 1301 1262 1343 xxx
1272 1301 1297 1345 s.

156 1369 190 1429 et
212 1370 332 1449 argent
354 1366 479 1428 terrarii
500 1367 588 1450 quod
611 1366 701 1450 prius
724 1367 788 1431 fuit
810 1366 851 1430 ad
875 1367 1010 1450 antiqua
1024 1367 1135 1431 servio.
1153 1373 1186 1430 et
1201 1369 1298 1432 faciet

156 1451 242 1518 dom.
257 1458 290 1515 et
303 1452 365 1520 ric.
376 1473 449 1536 quae
463 1452 659 1518 incumbunt
676 1492 712 1502 --
725 1453 875 1517 -Idem
889 1453 997 1517 Adam
1013 1473 1038 1517 c.
1051 1453 1074 1535 j.
1087 1454 1202 1534 bond.;
1224 1454 1295 1518 hab.

156 1539 198 1602 ad
213 1539 338 1603 volunt.
353 1539 436 1602 dom.
453 1540 531 1624 quia
544 1541 684 1617 nativus,
699 1541 785 1605 redd.
801 1561 831 1624 p.
848 1561 874 1606 o.
891 1541 968 1624 xxvj
980 1561 1003 1604 e.
1020 1547 1053 1604 et
1075 1548 1196 1624 argent.
1212 1543 1297 1607 Terr.
1370 1565 1372 1572 ·

155 1645 214 1710 pro
229 1625 303 1690 aliis
317 1625 460 1690 serviciis
475 1627 560 1694 dom.
576 1627 704 1693 debitis.

201 1713 339 1777 Sanane.
382 1712 535 1777 Johanna
556 1714 599 1779 fil.
616 1715 692 1798 Rog.
709 1715 841 1778 Homan
863 1734 889 1779 c.
909 1713 922 1797 j
948 1719 1007 1778 cot.
1031 1713 1148 1777 ultimo
1170 1715 1205 1777 in
1231 1721 1296 1780 ten.

156 1799 273 1864 Aliciae
295 1800 403 1884 Legon
426 1821 463 1864 eo
478 1801 566 1884 quod
580 1801 791 1886 propinquior
812 1802 925 1881 heres3
946 1801 1019 1865 hab.
1042 1800 1084 1863 ad
1104 1805 1195 1864 term.
1220 1801 1297 1865 vitae

156 1907 232 1963 suae,
248 1887 334 1951 redd.
352 1908 381 1970 p.
398 1908 424 1952 a.
440 1887 485 1970 xij
497 1888 525 1950 d.

200 1975 433 2038 Blaurreunrr.
479 1975 557 2038 Rob.
573 1973 752 2059 Hardegill,
767 1976 841 2040 Joh.
857 1974 998 2058 Luklyn,
1010 1973 1084 2038 Joh.
1097 1973 1296 2051 Gentilman,

156 2060 241 2125 Hen.
258 2061 439 2124 Alansman
455 2067 488 2126 et
504 2062 560 2125 elii
574 2062 736 2126 husbandi
747 2062 835 2126 villae
850 2068 1004 2146 ceperunt
1018 2069 1182 2143 pasturam
1194 2068 1295 2126 vocat.

156 2235 226 2319 xiij.
237 2255 261 2299 s.
276 2236 324 2319 iiij
336 2235 365 2300 d.

200 2323 430 2386 Esranxrrron.
476 2321 667 2406 Iujunctum
692 2329 742 2388 est
764 2343 849 2388 omn.
873 2329 936 2387 ten.
959 2321 1054 2398 villae,
1077 2322 1164 2406 quod
1186 2322 1297 2386 nullus

156 2428 268 2473 eorum
298 2411 491 2492 permittant
514 2410 624 2493 aliqua
649 2411 757 2474 averia
788 2430 846 2474 sua
875 2408 1063 2474 conculcare
1092 2409 1297 2474 Douwelme-

155 2495 256 2573 dowe,
270 2497 332 2560 sub
347 2516 443 2579 poeua
457 2496 492 2560 xl
502 2496 531 2562 d.

199 2583 470 2648 wiermrrrou.
501 2582 692 2667 Injnnctum
713 2590 762 2648 est
783 2604 866 2647 omu.
883 2588 946 2647 ten.
963 2582 1060 2660 villa,
1076 2583 1162 2667 quod
1185 2584 1296 2647 nullus

156 2691 267 2734 eorum
275 2670 389 2735 lavent
399 2691 533 2754 pannos,
541 2691 601 2736 nec
613 2670 721 2754 eliqua
732 2671 885 2734 utensilia
896 2671 937 2734 ad
949 2671 1073 2734 fontem
1084 2690 1296 2746 communem,

156 2758 218 2822 sub
240 2778 337 2841 poena
359 2758 395 2821 xl
406 2758 435 2821 d.
451 2758 591 2824 solvend.
608 2765 667 2822 etc.
678 2795 721 2808 -—
732 2758 926 2822 Ordinatum
941 2764 991 2820 est
1006 2778 1046 2820 ex
1069 2777 1147 2820 com.
1164 2777 1297 2820 assensu

155 2845 328 2929 utriusque
343 2845 430 2909 villae
453 2845 539 2928 quod
558 2845 698 2928 quilibet
719 2866 829 2909 eorum
850 2844 978 2908 solvant
1000 2845 1121 2926 pastori
1143 2843 1296 2907 salarium

156 2951 253 2996 suum
270 2933 356 2996 infra
379 2932 576 3014 quindenam
599 2940 730 3016 atemp.
747 2931 1007 3016 praemunioionis
1023 2932 1106 3006 fact,
1121 2930 1182 2994 sub
1199 2950 1297 3013 poena

157 3019 201 3100 xij
216 3017 245 3080 d.
262 3018 404 3082 solvend.
420 3024 479 3083 etc.

201 3105 423 3170 Pmrxueron.
481 3106 674 3170 Ordinatum
704 3112 754 3170 est
783 3127 823 3170 ex
854 3105 1017 3169 communi
1047 3125 1180 3168 assensu
1209 3104 1297 3187 quod

156 3191 296 3273 quilibet
311 3200 375 3256 ten.
391 3193 553 3256 custodiat
567 3193 714 3257 bidentes
726 3214 800 3257 cum
815 3201 930 3256 turnus
946 3211 1023 3255 suus
1046 3191 1220 3268 advenerit,
1235 3191 1294 3254 via.

156 3297 214 3361 pro
229 3299 252 3340 v
266 3299 442 3361 perunum
457 3279 543 3344 diem
559 3316 572 3327 ·
588 3317 601 3328 ·
617 3281 718 3344 eciam
733 3280 820 3364 quod
836 3278 974 3362 quilibet
996 3298 1107 3342 eorum
1121 3279 1232 3342 veniat
1255 3279 1295 3341 ad

156 3365 442 3447 praemunicionem
464 3366 630 3451 praepositi
652 3365 694 3430 ad
716 3366 872 3430 tractand.
898 3367 937 3429 de
960 3385 1038 3430 com.
1062 3365 1213 3448 negociis,
1235 3366 1295 3428 sub

157 3472 253 3533 poena
268 3453 353 3516 xiid.

199 3539 325 3604 Aoum.
349 3539 400 3602 De
415 3544 479 3604 ten.
495 3539 591 3614 villae,
606 3546 723 3622 praeter
744 3537 818 3603 illos
841 3539 896 3622 qui
920 3559 955 3603 se
977 3559 1043 3602 non
1065 3544 1202 3621 possunt
1224 3537 1294 3621 [sio]

157 3626 350 3708 acquietare,
362 3627 438 3708 quia
452 3625 599 3690 luserunt
611 3627 651 3690 ad
666 3626 767 3710 pilam
783 3633 894 3690 contra
909 3646 1037 3709 poenam
1053 3625 1201 3708 positam,
1216 3645 1262 3687 xx
1270 3619 1298 3689 s.

157 3712 262 3776 —De
292 3713 415 3776 Thema
444 3713 485 3777 de
508 3713 622 3776 Bolom
653 3713 730 3797 quia
763 3713 885 3776 levavit
914 3712 1066 3776 baculum
1096 3712 1137 3774 ad
1166 3730 1294 3793 percus-

157 3799 257 3862 siend.
269 3798 368 3862 Walt.
382 3800 509 3864 Theker
519 3805 614 3884 prout
625 3820 726 3882 comp.
737 3806 795 3876 est,
805 3801 844 3863 de
857 3799 930 3862 m'ia
942 3800 987 3881 xij
1001 3798 1171 3874 d.‚habent
1181 3797 1294 3860 liceno.

157 3886 373 3951 concordandi
388 3895 463 3951 ante
478 3887 617 3970 primam
632 3886 834 3950 dominicam.

199 3973 386 4038 Haemona.
430 3973 453 4037 J
455 3974 504 4036 oh.
528 3973 674 4036 Matther
688 3975 755 4035 arrd
775 3975 825 4036 ata
847 3973 945 4036 others
959 3976 1114 4054 ceperunt
1128 3976 1295 4053 pasturam

157 4059 277 4123 Prioris
300 4081 403 4143 usque
425 4060 466 4124 ad
488 4066 579 4124 term.
606 4060 704 4122 trium
731 4080 800 4140 an.;
825 4059 911 4124 redd.
938 4081 968 4143 p.
992 4079 1041 4122 an.
1066 4058 1132 4140 xlvj
1144 4080 1168 4124 s.
1196 4059 1253 4141 viij
1265 4058 1295 4120 d.

157 4146 330 4230 incipiend.
346 4146 470 4211 solvere
485 4147 526 4210 ad
541 4147 612 4211 fest.
630 4147 660 4212 S.
679 4146 782 4210 Marci
798 4168 882 4210 anno
902 4147 1006 4222 lxxx0,
1021 4166 1058 4210 eo
1073 4147 1160 4228 quod
1175 4145 1296 4208 habue-

156 4241 235 4297 runt
256 4234 436 4317 proficuum
457 4240 576 4316 pastur.
593 4233 687 4316 praed.
712 4254 761 4296 an
784 4232 1134 4316 precedenti-Will.
1160 4234 1296 4295 Brerton

156 4341 181 4383 c.
193 4320 229 4404 iij
247 4340 284 4384 ac
299 4327 333 4384 et
348 4322 390 4384 di.
402 4323 438 4383 in
452 4321 483 4385 le
495 4321 645 4385 Neufield
656 4345 665 4398 ;
687 4320 758 4384 hab.
772 4321 812 4384 ad
824 4327 914 4384 term.
927 4322 1003 4384 vitae
1015 4341 1090 4397 suae,
1101 4320 1188 4384 redd.
1201 4340 1230 4402 p.
1244 4340 1294 4381 an.

156 4406 191 4490 iij
203 4428 226 4472 s.
250 4409 284 4491 vj
296 4408 345 4486 d.;
367 4408 540 4491 incipiend.
564 4407 687 4472 solvere
710 4424 772 4472 an.
796 4413 854 4472 eto.
877 4408 998 4490 lxxxij⁰
1013 4429 1071 4491 pro
1093 4408 1172 4470 firm.
1196 4407 1219 4488 ij
1244 4427 1294 4469 an.

154 4496 347 4577 precedent,
363 4496 419 4559 sed
435 4496 636 4559 condonatur
650 4503 780 4578 propter
795 4495 974 4559 exilitatem
989 4503 1045 4558 ter.
