3278 5204
214 556 409 620 lato-1371.
479 569 637 618 nunuorr
652 569 834 619 raroaurus
849 571 1090 623 nuunnunusrs.
1291 565 1352 624 103

254 727 414 793 Offlnrou.
454 727 623 792 lohannes
646 727 763 811 Smyth
786 734 819 793 et
841 729 1008 794 «lohannes
1030 731 1133 796 Faber
1154 732 1194 797 de
1217 732 1353 815 Mayne-

209 813 295 877 forth
316 815 387 898 jur.
413 814 611 879 -Johannes
637 814 755 898 Smyth
784 815 824 880 de
855 817 1079 900 Maynesforth
1104 819 1256 883 venitin
1286 819 1352 883 cur'

211 900 286 983 [“et
306 901 414 984 cepit’'
436 902 577 984 omitted]
599 921 703 965 unum
724 902 886 985 ootagium
901 909 1031 967 vastum
1053 911 1086 968 et
1100 906 1131 988 vj
1149 925 1236 970 acras
1259 912 1351 970 terrae

209 1007 315 1070 nuper
328 989 364 1051 in
374 993 490 1052 tenura
500 988 524 1052 J
525 987 661 1052 ohannis
677 988 717 1052 de
728 989 860 1052 Denum
873 1013 880 1052 ε
895 1025 909 1038 -
925 1027 938 1039 -
954 990 1041 1074 Pleg.
1052 991 1075 1055 J
1077 991 1219 1056 ohannes
1232 990 1349 1075 Smyth

210 1073 250 1138 de
274 1074 648 1140 Chilton.—Johannes
672 1075 790 1158 Smyth
813 1075 904 1140 venit
929 1076 965 1140 in
987 1079 1052 1141 cur’
1079 1085 1113 1142 et
1135 1079 1221 1161 cepit
1246 1099 1350 1142 unum

209 1161 937 1313 ttttttbtllbbttdsstt
952 1163 1350 1335 {tutatust

253 1335 353 1399 Fnuu.
420 1336 473 1399 De
516 1335 703 1398 tenentibus
732 1333 821 1398 villae
857 1343 973 1418 praeter
1015 1337 1132 1402 liberos
1167 1339 1244 1422 quia
1284 1358 1350 1402 non

209 1420 356 1484 fecerunt
380 1441 584 1486 communem
609 1421 731 1485 faldam
755 1421 795 1486 de
818 1441 915 1504 poena
939 1423 1012 1488 eod.
1038 1444 1079 1488 ex
1108 1426 1215 1508 gracia
1241 1431 1285 1489 2s.
1298 1450 1350 1489 :-

210 1508 412 1591 Praeceptum
424 1515 474 1573 est
488 1508 663 1572 attachiare
673 1507 790 1572 liberos
805 1513 951 1574 tenentes
963 1516 996 1574 et
1011 1511 1070 1574 dis'
1084 1511 1125 1575 ad
1140 1511 1199 1576 fac.
1211 1511 1349 1576 molend.

210 1599 244 1659 et
258 1595 346 1677 quod
365 1595 432 1658 sint
446 1595 488 1658 ad
509 1595 644 1659 liberam
659 1615 724 1660 cur.
734 1595 979 1678 —Injunctum
1001 1601 1051 1661 est
1065 1598 1215 1662 omnibus
1237 1604 1351 1662 tenen-

210 1681 299 1745 tibus
311 1681 400 1746 villae
410 1682 497 1766 quod
512 1682 651 1766 quilibet
661 1681 796 1746 veniant
808 1682 878 1766 [sic]
890 1683 943 1748 die
955 1684 1129 1748 Dominioa
1139 1685 1192 1768 [=
1201 1684 1349 1768 Sunday]

210 1767 252 1831 ad
273 1775 472 1852 praeceptum
493 1769 659 1853 praepositi
681 1768 723 1832 ad
742 1769 881 1851 ponend'
904 1775 938 1834 et
953 1771 1095 1852 jactand'
1110 1771 1349 1854 reparacionem

209 1853 348 1918 molend.
363 1893 408 1901 -
423 1855 614 1938 Injumctum
626 1861 676 1919 est
690 1854 840 1919 omnibus
852 1857 1038 1921 tenentibus
1054 1858 1141 1940 quod
1155 1857 1350 1921 conveniant

210 1941 253 2004 ad
274 1941 465 2005 mandatum
486 1942 652 2026 praepositi
674 1961 732 2024 pro
754 1942 840 2006 co'i'e
862 1943 1015 2026 proficuis
1042 1950 1075 2007 et
1098 1944 1185 2027 quod
1207 1943 1350 2027 habeant

210 2047 315 2091 unum
330 2049 535 2092 communem
548 2036 711 2113 pastorem
727 2065 739 2076 -
756 2065 769 2076 ·
814 2057 816 2062 v

254 2115 426 2180 Wnsr-M’.
470 2116 663 2198 Injunctum
689 2121 739 2179 est
762 2115 912 2180 omnibus
936 2115 1123 2181 tenentibus
1147 2116 1236 2181 villae
1262 2117 1350 2199 quod

210 2201 323 2266 harare
337 2201 459 2266 faciant
474 2201 698 2267 Oxenlawfeld
713 2239 725 2250 -
742 2238 754 2250 ·

255 2289 400 2354 Mm-M'.
443 2290 494 2354 De
515 2289 623 2353 Alicia
649 2288 761 2353 relicta
781 2288 874 2354 Petri
894 2289 1019 2354 Gibson
1040 2309 1099 2372 pro
1119 2289 1281 2355 merchato
1305 2296 1348 2354 6ε.

209 2395 314 2458 usque
339 2377 500 2440 5s.-De
523 2375 654 2440 domino
676 2376 827 2440 dohanna
849 2376 889 2440 de
912 2376 1077 2460 Galleway
1100 2376 1266 2460 capellano
1291 2396 1349 2459 pro

209 2461 347 2526 licencia
375 2462 568 2526 tabernandi
593 2463 756 2546 cotagium
786 2461 826 2526 ad
855 2469 946 2527 term.
973 2463 1050 2527 vitae
1080 2483 1147 2528 suae
1174 2463 1245 2527 tou
1273 2483 1349 2528 con-

209 2548 350 2614 donatur
360 2569 417 2631 per
425 2550 827 2632 terrarium-Assyngn'
840 2549 923 2614 terr'.
952 2549 1109 2614 Ricardus
1120 2550 1208 2614 filius
1219 2549 1349 2613 Thomae

211 2636 242 2719 [“
252 2635 344 2700 venit
355 2643 388 2700 et
402 2636 509 2719 cepit”
523 2636 627 2700 struet
640 2634 707 2718 mo]
721 2657 789 2699 xxx
804 2655 892 2700 acras
908 2634 948 2700 de
959 2636 1173 2719 Buschoplaw
1181 2659 1190 2716 ;
1211 2635 1349 2700 habend'

210 2729 244 2786 ct
258 2722 324 2786 ten'
339 2723 380 2786 ad
394 2722 597 2787 voluntatem
611 2722 765 2787 Domini:
786 2722 874 2786 redd.
889 2743 946 2805 pro
962 2743 1034 2786 acra
1053 2723 1121 2786 1οἀ
1136 2746 1142 2785 :
1164 2722 1348 2805 incipiendo

210 2808 335 2874 solvere
351 2810 391 2872 ad
406 2810 527 2873 festum
542 2808 573 2872 S.
587 2809 724 2872 Martini
738 2829 823 2872 anno
838 2808 972 2873 Domini
987 2814 1046 2873 etc.
1062 2809 1145 2891 lxxj⁰
1159 2846 1174 2854 -
1189 2845 1203 2854 -
1217 2809 1268 2872 De
1284 2809 1349 2872 ten'

211 2895 252 2960 de
267 2895 394 2960 Midell'
408 2915 466 2979 pro
481 2895 633 2979 herbagio
648 2895 688 2959 de
703 2895 907 2979 Bischoplaw
921 2894 982 2959 hoc
997 2915 1082 2960 anno
1100 2901 1144 2959 ts.
1161 2895 1211 2958 sd.

256 3066 348 3133 1371'.
365 3068 566 3133 I.-Primus
580 3074 697 3133 turnus
714 3068 942 3132 Halmotorum
964 3067 1122 3150 incipiens
1137 3066 1224 3150 apud
1239 3067 1347 3130 Heb'n

209 3154 264 3219 die
287 3155 443 3219 Mercurii
468 3155 569 3238 [June
595 3155 649 3239 25]
675 3162 750 3239 post
773 3155 893 3219 festum
922 3155 1104 3218 nativitatis
1131 3154 1161 3218 S.
1188 3153 1349 3218 dohannis
1376 3197 1378 3203 ι

211 3242 369 3325 Baptista
398 3242 501 3326 [June
532 3242 699 3326 241ann0
728 3242 864 3305 Domini
889 3241 1062 3305 millesimo
1087 3241 1262 3323 cccm⁰lxxj⁰
1293 3240 1348 3323 [E]

210 3348 319 3392 coram
334 3328 485 3392 Dominis
499 3329 522 3393 J
523 3328 650 3393 ohanne
670 3327 711 3393 de
725 3328 1018 3412 Hemmyngburgh
1040 3327 1183 3404 ternaria,
1198 3328 1221 3392 J
1223 3328 1349 3392 ohanne

210 3415 252 3479 de
264 3417 451 3500 Beryngton
463 3415 615 3492 bursario,
626 3422 660 3479 et
670 3415 794 3480 Thema
806 3415 930 3480 Surtais
941 3415 1124 3479 senescallo.
1171 3415 1227 3498 [In
1242 3415 1349 3479 future

210 3501 303 3566 these
317 3501 472 3586 headings
487 3501 572 3566 shall
585 3503 626 3566 be
641 3501 816 3586 abridged]

255 3589 399 3653 M1n-M'.
445 3591 467 3654 J
469 3589 611 3653 ohannes
627 3588 667 3652 da
689 3590 809 3678 Eryom
825 3593 938 3652 tenens
953 3595 1046 3652 tarrae
1061 3587 1191 3651 Thomae
1206 3587 1349 3662 Nanson,

211 3675 325 3741 Alesia
347 3695 420 3758 quae
438 3676 503 3740 fuit
524 3696 607 3739 uxor
628 3676 759 3739 Thomae
774 3674 827 3739 del
849 3675 936 3752 (lota,
951 3675 1110 3740 Robertus
1133 3675 1172 3737 de
1190 3674 1350 3748 Whitton,

211 3762 398 3826 Willelmus
423 3763 571 3839 Ourrour,
596 3762 753 3827 Ricardus
785 3761 870 3826 filius
900 3761 1038 3837 Thomas,
1065 3760 1203 3823 Thomas
1227 3759 1350 3842 Bynge,

211 3848 397 3913 Willelmus
420 3850 534 3913 Beroen
549 3854 581 3912 et
602 3849 769 3913 lohannes
793 3849 912 3931 Smyth
934 3851 1087 3929 ceperunt
1108 3850 1211 3908 totam
1231 3850 1349 3910 terram

212 3934 254 3999 de
275 3935 480 4018 Bischoplaw
506 3955 581 3999 cum
607 3943 701 4019 prato
726 3940 760 3999 at
782 3942 914 4017 pastura
940 3934 1125 4016 adjacente:
1160 3931 1294 3995 habend'
1318 3937 1351 3996 et

210 4022 275 4085 ten’
291 4021 371 4085 dum
385 4023 465 4086 alias
487 4027 618 4086 tenuras
633 4022 817 4086 tenuerint:
839 4021 926 4086 redd.
941 4041 999 4104 per
1012 4020 1133 4102 primos
1153 4018 1234 4082 duos
1249 4039 1351 4083 annos

211 4108 359 4191 quolibet
380 4129 464 4173 anno
488 4114 552 4172 13s.
570 4109 621 4173 ld.
644 4129 681 4172 θο
704 4108 791 4190 quod
813 4108 933 4171 sterilis
954 4112 1005 4172 est
1027 4127 1085 4190 per
1105 4106 1191 4170 idem
1213 4111 1350 4188 tempus,

210 4203 324 4279 postea
346 4195 491 4278 quolibet
513 4215 599 4258 anno
624 4200 689 4259 66ε.
715 4193 785 4258 8d.:
810 4194 996 4277 incipiendo
1020 4194 1142 4258 solvere
1165 4192 1206 4257 ad
1231 4193 1351 4257 festum

210 4281 303 4346 Pent.
334 4297 397 4346 lun.
428 4287 487 4346 etc.
517 4281 625 4364 lxxj0:
669 4280 799 4345 tenend'
829 4302 903 4345 cum
933 4281 1084 4345 omnibus
1108 4280 1238 4364 juribus
1268 4279 1352 4343 sicut

209 4368 391 4433 Dominus:
423 4368 511 4451 Pleg'
538 4369 621 4433 alter
649 4368 792 4432 alterius.
805 4368 955 4432 -Terra
980 4368 1112 4431 Thomas
1140 4367 1173 4430 N
1175 4387 1275 4430 auson
1302 4371 1352 4429 est
1473 4399 1475 4403 ·

210 4456 249 4518 in
263 4476 363 4519 manu
378 4455 513 4520 Domini
528 4455 605 4538 quia
619 4455 792 4538 praedictus
807 4454 945 4518 Thomas
961 4460 1010 4518 est
1025 4459 1178 4517 mortuus.

254 4542 392 4607 Est-M'.
458 4543 651 4626 Injunctum
680 4549 730 4606 est
756 4541 907 4605 omnibus
936 4541 1123 4605 tenentibus
1149 4538 1236 4602 villae
1265 4537 1352 4620 quod
