3278 5204
308 539 348 600 82
568 548 723 596 61111011
738 547 918 598 errorores
933 549 1171 598 dormitarem.
1352 536 1446 596 1369.

306 708 370 773 cur'
392 711 428 772 et
449 706 536 792 cepit
556 727 659 771 unum
681 706 842 790 cotngium
863 706 980 772 ultimo
1001 706 1036 770 in
1058 712 1174 772 tenure
1196 705 1324 772 Occiliae
1346 707 1446 770 Jona-

307 793 464 880 dcughtor
477 793 640 879 quondam
655 794 709 856 ux'
723 793 871 877 predicti
884 794 1032 858 Thomae:
1054 792 1190 859 habend'
1206 799 1239 858 et
1259 793 1388 857 tenend'
1403 793 1447 856 ed

307 891 398 947 term.
413 882 490 946 vitae
512 901 598 946 suco:
619 879 706 946 redd.
728 900 759 964 p.
781 900 809 945 a
833 885 877 946 56.
900 881 987 965 quod
1007 881 1098 965 prius
1118 880 1259 945 reddidit
1282 885 1326 944 36
1342 916 1356 928 -
1371 880 1447 943 -Et

306 967 478 1053 praedictus
493 968 631 1032 Thomce
645 967 837 1051 praedictum
851 968 1012 1052 cotegium
1027 968 1171 1032 dimittet
1184 968 1219 1030 in
1235 967 1298 1032 fine
1312 965 1448 1030 termini

307 1055 359 1120 eui
385 1093 399 1106 -
414 1093 427 1106 ·
442 1055 486 1119 Et
507 1055 563 1120 det
580 1073 639 1139 pro
660 1053 802 1138 gres'm'a
827 1053 1126 1120 lad-Johannes
1148 1055 1302 1119 Fermour
1323 1053 1447 1117 electus
1567 1111 1572 1120 .

307 1145 357 1208 est
371 1141 406 1206 in
420 1141 628 1227 praepositum
642 1146 676 1204 et
687 1140 758 1223 jur!
802 1140 845 1204 Et
860 1141 961 1206 eciam
975 1142 1033 1206 isti
1046 1147 1123 1206 sunt
1137 1141 1232 1206 electi
1242 1140 1304 1224 jur'
1315 1139 1447 1204 Willel-

308 1249 381 1292 mus
404 1229 487 1304 Ibbi,
501 1226 686 1292 Wiilelmua
701 1227 771 1291 Yut
792 1227 832 1310 [a.
847 1227 1048 1306 namnam,
1071 1228 1136 1312 63],
1149 1227 1336 1292 Willelmus
1357 1227 1447 1290 Ran-

309 1315 384 1392 dolf,
413 1321 447 1378 et
475 1313 642 1380 Johennee
669 1313 778 1378 Teddi
800 1351 844 1362 -
859 1314 1014 1380 Ricardue
1044 1314 1084 1380 de
1114 1314 1278 1391 Heworth
1307 1313 1448 1376 Thomas

310 1401 497 1477 Perkineon‚
526 1399 711 1465 Wiilelmns
740 1400 890 1478 Rendolf,
918 1401 1105 1467 Willelmus
1135 1402 1248 1477 Pouer,
1276 1400 1375 1484 Hugo
1407 1399 1448 1463 de

308 1487 452 1564 Ycilton,
466 1492 500 1552 et
521 1486 688 1551 Johannee
710 1487 865 1552 Fermour
885 1488 978 1554 electi
1002 1493 1081 1553 aunt
1102 1488 1144 1552 ad
1165 1487 1331 1551 ordinand'
1349 1486 1449 1564 villae,

309 1575 368 1639 viz.
384 1573 424 1639 de
438 1573 552 1638 11611116
566 1572 734 1657 ponendis,
748 1579 782 1638 et
796 1574 838 1638 ad
859 1575 1119 1640 ordinacionibus
1132 1595 1190 1660 pro
1206 1573 1448 1640 Communitate

309 1661 406 1739 villae,
421 1661 510 1726 etad
523 1660 716 1726 certificand’
731 1661 795 1724 cur'
810 1661 954 1746 adprox.
1423 1727 1427 1732 ,

353 1749 655 1813 Est-Mamerci.
699 1747 751 1812 De
772 1747 894 1812 Thoma
918 1749 985 1813 filio
1007 1748 1168 1813 Johannis
1193 1767 1251 1832 pro
1276 1746 1450 1811 deteriora-

309 1836 427 1919 cionej
451 1834 569 1919 cotegii
582 1835 689 1898 vocati
711 1835 782 1898 Box
803 1835 900 1900 Plece
921 1836 1008 1901 unde
1026 1835 1182 1900 ammovit
1203 1834 1392 1898 meremium
1415 1839 1450 1898 et

310 1923 397 2007 cepit
411 1922 673 1988 emendacionem
690 1927 754 1986 136.
771 1921 821 1986 id
832 1921 919 2006 quod
933 1928 1111 2006 prostratur
1119 1927 1153 1986 et
1160 1926 1306 1986 vastetur
1319 1960 1334 1972 -
1349 1959 1364 1971 ·
1380 1925 1449 1984 406

310 2047 354 2058 -
362 2009 470 2074 Adam
484 2009 525 2074 de
539 2007 737 2072 Whitworth
750 2009 843 2072 venit
856 2015 890 2072 et
904 2009 990 2094 cepit
1003 2029 1108 2072 unum
1122 2008 1282 2092 cotegium
1297 2013 1331 2072 et
1345 2008 1450 2072 eciam

310 2115 514 2160 communem
529 2093 660 2158 furnum
674 2115 747 2179 quae
762 2095 918 2160 Ricardue
929 2096 1051 2160 Milner
1059 2096 1151 2179 prius
1162 2095 1269 2160 tenuit
1281 2118 1289 2158 :
1311 2092 1450 2158 habend’

310 2188 344 2246 et
358 2182 422 2245 ten'
437 2182 479 2245 ad
493 2186 584 2244 term.
598 2180 675 2245 vitae
689 2201 775 2246 euae:
796 2182 883 2246 redd
898 2203 956 2267 pro
971 2183 1093 2267 cotagio
1108 2203 1139 2267 p.
1154 2203 1180 2246 a
1198 2188 1242 2246 46.
1256 2181 1345 2264 quod
1358 2181 1451 2264 prius

310 2267 452 2331 reddidit
469 2266 549 2343 red,
564 2274 597 2330 et
610 2287 668 2350 pro
682 2268 836 2351 praedicto
858 2269 961 2346 furno,
975 2270 1111 2334 durante
1125 2271 1195 2332 vita
1214 2269 1452 2351 Ieebellae'quae

310 2355 375 2418 fuit
389 2373 471 2418 uxor
491 2352 638 2436 praedicti
656 2354 795 2433 Ricardi,
812 2360 865 2432 56,
882 2377 955 2439 quae
976 2356 1065 2441 prius
1087 2355 1228 2420 reddidit
1251 2361 1355 2433 46.,61
1375 2360 1452 2437 post

311 2446 448 2505 mortem
468 2439 631 2523 praedictae
645 2441 793 2506 Ieabellae
813 2442 925 2507 reddet
945 2465 976 2527 p.
992 2464 1019 2508 a.
1041 2448 1084 2507 66
1102 2443 1182 2507 811-
1196 2479 1211 2492 ·
1232 2442 1275 2506 Et
1296 2441 1453 2526 praedicte

312 2527 453 2592 Isahelia
466 2527 598 2590 habehit
611 2527 791 2610 proficuum
805 2529 941 2594 duranto
955 2530 1024 2593 vite
1035 2550 1094 2594 sua
1108 2534 1142 2594 et
1155 2534 1266 2613 postea
1276 2528 1453 2612 praedictus

311 2615 420 2679 Adam
440 2614 581 2678 habehit.
627 2613 713 2699 Pleg.
736 2615 833 2699 Hugo
856 2616 897 2681 de
917 2617 1117 2682 Whitworth
1138 2623 1172 2680 et
1193 2616 1330 2680 Thomas
1353 2615 1454 2679 frater

312 2703 389 2787 ejus.
435 2702 479 2765 Et
493 2701 550 2766 dat
564 2721 621 2784 pro
634 2701 776 2785 gree'm'a
793 2702 864 2768 rad.

356 2789 668 2853 Mle-Mnemeion.
714 2789 766 2853 De
781 2789 946 2854 Wiiielmc
962 2790 1102 2855 Gumour
1115 2810 1173 2874 pro
1194 2789 1331 2854 licencia
1345 2788 1454 2852 taher-

313 2876 413 2941 nandi
427 2896 530 2939 unum
545 2875 757 2958 cotagiumad
771 2881 861 2940 term.
873 2877 1075 2941 ixannorum
1086 2878 1109 2941 J
1110 2876 1232 2942 ohanni
1247 2875 1365 2958 Smyth
1379 2875 1454 2938 lad.

355 2963 659 3027 nar-Mamerci.
704 2961 813 3044 [After
835 2962 990 3046 chilion]
1034 2963 1174 3029 Ieabelia
1195 2983 1268 3046 quae
1287 2962 1351 3025 fuit
1370 2982 1454 3025 uxor

313 3049 443 3114 Ricardi
457 3048 578 3112 Milner
591 3048 684 3113 venit
698 3055 730 3113 et
745 3049 855 3133 cepitj
873 3051 1034 3134 cotogium
1047 3051 1135 3134 quod
1154 3050 1326 3133 praedictue
1342 3048 1454 3112 Ricar-

314 3136 375 3199 dus
396 3136 512 3199 ultimo
534 3135 658 3200 tenuit:
681 3135 819 3200 habend’
841 3143 875 3200 et
896 3137 961 3200 ten'
983 3137 1025 3200 ad
1045 3141 1136 3202 term
1159 3137 1236 3201 vitea
1258 3155 1340 3200 suae:
1363 3135 1454 3200 redd

314 3242 345 3304 p.
360 3241 386 3285 a.
402 3221 570 3303 antiquam
592 3221 719 3284 firmem
741 3222 943 3288 etfaciendo
964 3223 1106 3288 Domino
1129 3229 1161 3288 et
1175 3223 1292 3288 vicinis
1307 3242 1381 3304 quac
1402 3222 1454 3285 in-

314 3307 479 3371 cumbunt.
517 3305 603 3389 Pleg.
618 3306 725 3372 Adam
740 3310 779 3372 de
793 3309 999 3376 Whitworth.
1035 3311 1080 3374 Et
1090 3309 1147 3374 dat
1155 3330 1213 3393 pro
1224 3310 1367 3392 gres'm’a
1380 3307 1453 3374 1211.
1580 3363 1583 3367 ,

358 3393 696 3457 Wnsr-Mnarreerorr.
739 3395 791 3460 De
800 3396 922 3461 Thema
933 3397 1124 3462 Marmedok
1134 3417 1191 3480 pro
1203 3395 1454 3460 deterioraciona

314 3480 379 3544 ten'
394 3480 431 3541 in
445 3485 561 3542 tenura
575 3498 633 3542 sua
647 3514 662 3526 -
675 3515 691 3525 -
708 3484 751 3544 56.

357 3567 457 3630 anr.
487 3565 1454 3654 116[“.1611611116116Β1611611111”1116111661]61111111116111661-

314 3654 456 3719 atoribus
471 3652 539 3717 vih’
555 3651 631 3736 quia
645 3652 752 3718 noluit
764 3654 903 3721 vendere
917 3656 1087 3721 cervisiam
1102 3662 1193 3722 extra
1204 3656 1345 3733 domum,
1355 3661 1455 3738 prout

314 3746 513 3826 compertum
535 3746 593 3817 est,
615 3739 655 3805 de
677 3739 822 3823 quolibet
846 3743 905 3820 od„
922 3745 1264 3808 ha-Praeeentatum
1290 3747 1341 3808 est
1365 3742 1455 3825 quod

312 3831 480 3895 Johannes
503 3827 603 3892 Hodd
624 3827 705 3892 obiit
727 3827 845 3893 sesitne
866 3828 907 3894 de
925 3830 938 3914 j
962 3831 1027 3894 ten'
1049 3835 1083 3896 et
1104 3830 1140 3893 ix
1161 3831 1242 3894 acris
1264 3834 1357 3894 terrae
1380 3849 1455 3912 quae

312 3917 399 3997 quid'
415 3915 500 3980 redd.
515 3937 545 4000 p.
562 3936 589 3980 a.
602 3915 743 3979 Domino
758 3914 866 3980 Priore
881 3916 953 4000 [cic]
964 3917 996 4000 ij.
1006 3922 1045 3980 ut
1059 3916 1190 4000 capitali
1201 3916 1340 3992 domino,
1354 3921 1409 3992 26,
1421 3922 1455 3979 et

312 4001 484 4082 praedictus
498 4001 664 4066 Johennee
679 4001 761 4066 obiit
774 4002 845 4066 61116
859 4001 992 4082 haeredc,
1007 4003 1080 4068 ideo
1096 4003 1181 4068 aesit'
1197 4010 1275 4068 eunt
1294 4003 1330 4066 in
1352 4023 1455 4066 manu

313 4087 382 4169 [sic]
406 4087 541 4149 Domini
562 4088 1001 4154 Prioris.-Mem0randum
1023 4090 1110 4174 quod
1132 4089 1300 4154 Johannes
1323 4088 1455 4152 Simeon

312 4172 403 4248 obiit,
417 4171 476 4253 qui
489 4171 596 4236 tenuit
610 4175 674 4236 ten’
686 4180 719 4238 et
729 4175 802 4238 terr’
814 4196 886 4259 quac
896 4197 979 4242 uxor
993 4197 1071 4241 suus
1084 4177 1154 4261 [aio]
1170 4175 1353 4259 dicitquod
1367 4176 1455 4259 cepit

313 4264 347 4323 et
360 4257 469 4322 finivit
483 4277 540 4340 pro
563 4257 692 4324 eisdem.
737 4261 816 4326 Ideo
831 4263 1014 4347 inquiretur
1028 4264 1069 4328 de
1084 4265 1236 4347 capcione
1251 4271 1284 4327 et
1306 4262 1454 4346 praesent'

312 4345 354 4410 ad
369 4365 457 4429 prox.
473 4345 545 4409 cur’.
591 4344 664 4427 [See
689 4351 780 4424 1369,
796 4348 871 4427 III.,
886 4349 990 4416 where
1012 4350 1070 4415 6116
1092 4350 1219 4415 obtaine
1234 4348 1359 4414 Hodd's
1381 4369 1454 4432 pro-

312 4439 406 4516 perty
420 4430 486 4495 and
500 4430 568 4495 aleo
583 4451 662 4514 pays
674 4432 724 4497 for
737 4435 887 4513 merchet‚
902 4437 962 4501 but
975 4437 1082 4503 where
1096 4436 1187 4502 there
1201 4436 1230 4500 16
1244 4456 1287 4500 no
1298 4435 1407 4500 notice
1422 4434 1458 4500 of

312 4521 379 4584 this
389 4518 568 4602 assertion]
580 4555 623 4566 —
633 4519 771 4586 Thomas
787 4522 903 4587 Gawdi
914 4524 1005 4589 venit
1016 4525 1051 4588 in
1063 4525 1127 4589 cur'
1139 4531 1173 4589 et
1183 4523 1270 4607 cepit
1280 4523 1294 4606 j
1308 4521 1456 4606 placeam
