3224 5212
294 581 353 638 144
546 587 702 636 ultuorl
717 587 899 638 PRIORATUS
915 589 1155 638 DUNELMENSIS.
1336 580 1426 639 1378.

290 745 476 810 villatarum
498 745 538 810 de
560 745 695 810 Mic-M’
717 751 750 812 et
764 747 919 811 west-M'
942 747 1100 830 quianon
1121 747 1305 813 habuerunt
1327 769 1428 812 unum

290 851 495 898 communem
509 852 681 898 messorem
696 870 709 880 -
725 869 737 880 -
755 838 821 898 20s.
847 863 853 874 ·

335 919 517 984 Husnnm.
573 919 782 1004 Compertum
808 919 1292 1004 estparjur.quod1sabella
1314 921 1429 987 relicta

291 1005 422 1070 'Ricardi
447 1007 582 1070 Watscn
608 1026 674 1070 non
699 1011 749 1071 est
774 1007 935 1071 sufficiens
961 1006 1003 1070 ad
1027 1007 1156 1072 tenend’
1181 1007 1244 1072 duo
1270 1008 1429 1092 bondagia

292 1113 365 1176 quae
389 1113 476 1158 nuno
502 1098 593 1158 tenet
617 1099 650 1157 et
675 1091 762 1176 quod
792 1113 889 1157 unam
918 1100 1036 1157 terram
1066 1093 1196 1158 deberet
1225 1094 1348 1158 dimitti
1369 1115 1429 1178 per

291 1180 402 1243 binam
427 1200 569 1244 arsuram
595 1178 714 1243 etalio
735 1183 819 1244 tana
842 1180 877 1263 [o
899 1180 1006 1262 bloalc]
1032 1180 1105 1244 ideo
1131 1181 1331 1263 providiatur
1356 1182 1430 1266 [cic]

291 1265 332 1330 de
351 1267 364 1350 j
388 1267 461 1331 ten’.
505 1266 549 1331 Et
566 1266 628 1350 jur.
651 1271 849 1350 prasentant
873 1267 961 1350 quod
982 1267 1034 1351 pal
1058 1267 1198 1332 Isabella
1220 1268 1319 1332 babet
1333 1269 1429 1346 bona,

336 1438 557 1504 Bmtmoaall
602 1438 653 1503 De
675 1437 757 1522 Agn
775 1438 815 1503 da
838 1439 975 1523 Ingelby
989 1459 1046 1524 pro
1067 1441 1319 1524 transgressione
1341 1442 1431 1506 facta

294 1524 458 1590 Willelmo
470 1526 600 1610 Sparow
611 1529 644 1590 et
658 1526 682 1592 J
683 1525 800 1589 ulianae
811 1527 905 1590 uxori
918 1526 988 1610 ejus
999 1532 1134 1592 vocante
1145 1529 1250 1612 ipsam
1260 1529 1283 1593 J
1284 1528 1430 1593 ulianam

293 1612 493 1678 meretricem
515 1611 557 1676 ad
577 1611 754 1696 dampnum
778 1617 844 1677 40s.
860 1612 947 1677 unde
962 1613 1204 1696 percipientcd
1225 1615 1429 1680 voluntatem

293 1718 386 1763 suam
403 1704 467 1764 l3s.
485 1699 534 1764 lu
549 1703 646 1783 prout
660 1705 860 1782 compartum
875 1704 925 1764 est
939 1720 998 1784 per
1013 1701 1075 1784 jur.
1090 1700 1131 1765 da
1146 1721 1242 1784 poena
1255 1707 1287 1766 et
1302 1703 1430 1766 miseri-

293 1785 402 1851 cordie
417 1785 490 1851 lod.
512 1785 711 1851 condonatur
732 1785 774 1849 ad
797 1785 847 1852 au
858 1819 903 1832 ·-
914 1785 1107 1851 Ordinatum
1130 1793 1179 1852 est
1200 1807 1241 1852 ex
1262 1790 1430 1853 communi

293 1893 428 1938 assensu
441 1873 529 1956 quod
542 1892 654 1938 omnes
669 1871 818 1936 mulieres
832 1872 920 1937 villae
933 1880 1115 1957 compescat
1125 1874 1195 1957 [cic]
1209 1875 1336 1959 linguas
1351 1896 1429 1940 suas

292 1960 415 2044 absque
429 1959 646 2025 delamaoicne
667 1958 808 2042 aliquali
820 1993 865 2004 —
875 1959 1065 2043 Injunotum
1087 1967 1137 2025 est
1150 1962 1300 2026 omnibus
1314 1969 1428 2026 tenen-

293 2047 381 2112 tibus
396 2046 483 2112 villae
497 2046 584 2131 quod
605 2046 764 2130 castigant
782 2046 853 2130 [cic]
873 2047 1048 2112 servientes
1070 2067 1145 2111 suos
1168 2053 1201 2112 et
1215 2069 1330 2132 pueros
1352 2069 1429 2114 suos

293 2133 341 2196 ita
355 2133 442 2216 quod
456 2153 522 2197 non
536 2134 686 2217 frangant
701 2153 830 2197 murum
851 2134 979 2217 gardini
993 2133 1117 2198 domini
1132 2154 1191 2199 nec
1205 2134 1289 2199 illud
1303 2135 1430 2200 intrent

293 2225 405 2283 contra
432 2218 635 2285 voluntatem
665 2219 1071 2304 custodis-Injunotum
1100 2227 1150 2286 est
1178 2221 1327 2287 omnibus
1357 2226 1429 2287 ten-

293 2305 422 2370 entibus
436 2305 524 2370 villae
538 2304 625 2390 quod
639 2305 681 2370 ad
694 2306 978 2389 praemunicionem
997 2307 1166 2372 servientis
1180 2309 1304 2372 terrarii
1316 2310 1430 2373 veniat

294 2392 364 2476 [sic]
379 2392 569 2456 festinanter
590 2412 647 2476 pro
662 2391 857 2458 victualibus
879 2393 1022 2477 ejusdem
1042 2394 1179 2462 cariand.
1202 2395 1323 2479 absque
1345 2396 1429 2460 dila-
1501 2475 1505 2481 q

293 2479 393 2544 oione.
407 2513 452 2524 -
466 2479 660 2543 Ordinatum
688 2485 738 2544 est
767 2500 807 2545 ex
839 2480 1003 2545 communi
1035 2501 1168 2546 assensu
1199 2483 1285 2564 quod
1314 2482 1428 2547 nullus

293 2564 533 2630 husbandorum
548 2585 606 2630 seu
620 2565 814 2630 cotariorum
835 2565 976 2632 habeant
997 2567 1091 2651 plura
1112 2568 1219 2632 averia
1240 2589 1297 2652 pro
1312 2575 1430 2632 tenura

293 2672 352 2717 sua
366 2673 462 2736 quam
478 2652 662 2716 ordinatum
676 2652 740 2716 fuit
755 2653 795 2716 ab
810 2653 944 2737 antiquo
959 2673 1016 2718 seu
1033 2654 1112 2720 alibi
1134 2654 1307 2738 depascant
1328 2676 1429 2739 quam

293 2739 472 2822 antiquitus
495 2738 664 2822 depascere
685 2747 928 2804 consueverunt
940 2778 982 2787 —
994 2730 1187 2805 Ordinatum
1209 2747 1319 2806 estex
1340 2763 1428 2807 com-

291 2825 384 2891 muni
405 2845 538 2891 assensu
560 2825 647 2908 quod
668 2824 709 2888 ad
731 2827 950 2891 cornacicnem
974 2828 1122 2892 messoris
1136 2828 1269 2892 veniant
1287 2849 1345 2912 pro
1360 2829 1427 2892 ool-

292 2911 430 2978 lectione
459 2912 555 2996 pisas,
584 2916 617 2976 et
646 2932 720 2976 cum
750 2912 868 2977 iterum
897 2914 1076 2979 cornaverit
1106 2915 1255 2979 recedant
1282 2915 1323 2981 de
1345 2916 1429 2998 pisis

292 2999 454 3082 praedictis
469 2999 530 3063 sub
545 3017 641 3083 poena
658 2999 723 3062 bda:
746 3004 780 3064 et
794 2999 896 3064 eciam
916 3001 1001 3084 quod
1024 3001 1135 3067 nullus
1157 3001 1287 3086 colligat
1308 3002 1374 3066 nisi
1391 3003 1429 3066 in

292 3086 373 3170 pisis
388 3086 456 3149 suis
471 3085 607 3169 propriis
622 3085 765 3170 exceptis
779 3087 982 3170 pauperibus.

336 3173 555 3236 wonmsnou.
601 3171 722 3236 Oacilia
745 3192 817 3255 quae
831 3173 895 3236 fuit
909 3195 991 3238 uxor
1003 3174 1164 3239 Willelmi
1185 3175 1326 3238 Iitiliair
1340 3175 1428 3259 cepit

292 3279 394 3321 uuum
418 3259 579 3342 cotagium
601 3265 634 3322 et
655 3258 677 3342 ij
703 3278 791 3323 acras
813 3263 905 3324 terrae
931 3281 1002 3344 quae
1027 3261 1158 3325 fuerunt
1179 3261 1215 3324 in
1237 3267 1352 3326 tenura
1371 3263 1427 3345 pil

293 3343 452 3407 Willelmi
465 3344 585 3426 injure
600 3345 678 3408 dum
692 3345 777 3409 vixit
791 3351 825 3410 et
839 3367 910 3430 quae
925 3347 1098 3431 aliquando
1113 3349 1244 3412 fuerunt
1262 3348 1298 3411 in
1312 3356 1428 3413 tenura

294 3430 424 3494 Rioardi
439 3428 478 3492 de
494 3429 638 3494 Kallow:
660 3431 796 3496 haband.
814 3437 847 3496 et
862 3433 989 3498 tencnd.
1005 3433 1110 3498 eidem
1126 3434 1255 3500 ceciliae
1269 3435 1310 3499 ad
1324 3442 1428 3499 totam

293 3517 396 3581 vitam
420 3535 512 3580 suam
536 3521 574 3579 ut
599 3515 640 3580 de
659 3517 732 3600 jure
756 3517 863 3582 viduae
878 3557 890 3568 ·
906 3557 920 3568 ·
936 3520 1088 3586 Gres’m'a
1119 3528 1162 3586 ts.
1188 3520 1293 3585 611-
1306 3521 1428 3586 Oecilia

293 3603 360 3668 filia
379 3602 432 3686 pd.
447 3601 606 3666 Willelmi
621 3623 650 3666 v.
666 3602 719 3668 hio
741 3605 777 3668 in
798 3606 887 3670 curia
901 3612 933 3670 et
956 3608 1042 3690 cepit
1061 3628 1165 3671 unum
1179 3609 1340 3692 cotagium
1354 3613 1388 3671 et
1403 3609 1426 3692 ij
1489 3645 1491 3648 -

293 3711 380 3755 acras
395 3697 488 3755 terrae
509 3688 626 3753 ultimo
645 3688 681 3752 in
696 3695 809 3755 tenura
830 3693 931 3775 petris
946 3694 997 3757 sui
1012 3699 1045 3758 et
1066 3693 1240 3777 aliquando
1254 3695 1291 3758 in
1312 3702 1428 3759 tenura

293 3778 425 3842 Roberti
449 3776 552 3840 Brak:
582 3776 717 3842 haband.
741 3777 777 3840 in
799 3778 872 3860 jura
898 3799 936 3844 eo
959 3779 1046 3863 quod
1070 3781 1181 3844 nullus
1207 3781 1247 3844 de
1270 3783 1428 3865 sanguine

291 3865 394 3946 ipsius
424 3863 582 3928 Willelmi
611 3864 703 3929 finire
728 3865 834 3929 voluit
862 3886 919 3949 pro
950 3866 1070 3931 eisdem
1086 3904 1099 3914 -
1115 3905 1128 3915 -
1144 3868 1297 3933 Gres'm'a
1328 3874 1428 3932 23.-

293 3951 483 4033 Injunotum
497 3956 546 4015 est
568 3952 718 4016 omnibus
740 3952 926 4017 tenentibus
941 3952 1028 4017 villae
1050 3973 1091 4018 ne
1113 3955 1186 4037 quis
1208 3974 1318 4018 eorum
1332 3962 1430 4019 vocat

292 4036 362 4118 [alc]
377 4037 503 4101 nativos
526 4037 649 4101 domini
670 4039 806 4103 rusticos
828 4039 889 4102 sub
911 4059 1006 4123 poena
1021 4059 1066 4102 xx
1088 4039 1429 4125 solid.—Margareta

291 4121 495 4206 Simdoghtar
516 4123 602 4206 oepit
619 4125 633 4206 j
650 4125 810 4208 cotagium
833 4131 865 4189 et
887 4125 910 4208 ij
934 4146 1022 4191 acras
1044 4131 1137 4190 tarrae
1152 4147 1224 4210 quae
1243 4128 1375 4199 fuerunt
1390 4129 1427 4192 in

288 4214 404 4272 tenura
429 4208 569 4291 Magotae
591 4209 737 4275 Hcrner:
766 4209 901 4278 haband.
924 4219 957 4277 et
979 4212 1106 4279 tenend.
1134 4213 1176 4278 ad
1200 4219 1302 4278 totam
1324 4214 1428 4278 vitam

290 4315 382 4364 suam
397 4293 484 4358 utin
495 4294 569 4378 jure
584 4331 596 4342 -
613 4331 625 4342 -
642 4294 795 4361 Gres’m’a
812 4298 881 4363 lad.

195 4507 196 4512 κ
319 4441 427 4534 Ι1378.
445 4467 640 4531 II.—ch'n
668 4468 703 4532 in
726 4469 845 4534 festum
871 4473 901 4537 S.
925 4472 1154 4550 Lucae,ooran1
1181 4473 1319 4538 dominis
1341 4474 1426 4539 Wil-

289 4557 386 4634 lelmo
416 4555 456 4620 de
477 4554 624 4637 Asbkby
646 4562 727 4634 terr„
750 4557 873 4621 Thoma
902 4559 1001 4643 Legat
1026 4561 1123 4637 burs,
1145 4561 1268 4626 Thoma
1292 4561 1426 4644 Surtays

290 4663 364 4717 san,
380 4643 402 4708 J
404 4641 529 4706 ohanne
545 4642 584 4706 de
600 4641 697 4706 Eluet
713 4649 745 4706 et
760 4643 841 4707 aliis.
