3278 5204
286 531 328 602 88
547 555 707 606 nonuorr
722 555 905 606 rnronnrue
920 555 1161 606 nounnunners.
1329 545 1426 616 1369.

285 711 401 776 habuit
411 711 552 797 quodum
565 717 709 798 tempore
723 713 809 778 inira
819 720 977 779 oereotam
991 714 1142 780 subboeoi
1152 713 1277 780 occulte
1292 713 1426 778 ebeoon-

285 798 371 864 ditoe
392 820 416 864 v
437 800 574 883 juvenes
599 800 769 884 querouloe
795 821 932 884 quorum
957 801 1097 885 quilibet
1121 802 1187 866 fuit
1210 800 1426 885 longitudinis

285 886 342 969 xvj
367 887 494 970 pedum
538 888 582 952 Et
607 887 722 952 dieunt
746 888 834 971 quod
857 908 931 972 pere
952 888 1122 972 eujusdam
1147 888 1268 952 arboris
1291 887 1427 951 Domini

281 971 421 1056 jacentis
446 975 544 1058 juxta
569 975 651 1058 port'
672 975 769 1058 porei,
791 995 874 1059 pree.
899 973 949 1040 ed
975 975 1099 1040 liberet'
1125 975 1167 1039 od
1189 975 1427 1059 reparationem

286 1059 403 1124 domus
418 1061 551 1126 Roberti
566 1061 710 1145 Spurner
723 1061 781 1144 qui
795 1061 891 1125 duxit
905 1082 1039 1126 uxorem
1053 1082 1153 1126 suom.

329 1147 561 1212 Bmmonm.
605 1148 657 1212 De
671 1147 1313 1232 dohanneWauequianeguvitvendere
1324 1146 1426 1210 eervi-

284 1231 369 1296 eiom
393 1233 509 1298 vicinis
535 1239 626 1299 extre
648 1234 781 1298 domum
806 1240 903 1318 prout
922 1241 1122 1319 compertum
1143 1239 1192 1299 eet
1212 1254 1269 1317 per
1287 1233 1349 1317 jur
1375 1233 1426 1297 od.

286 1317 477 1401 injunctum
492 1327 542 1384 eet
556 1321 659 1386 eidem
674 1320 761 1405 quod
783 1341 849 1386 non
863 1329 950 1386 emat
972 1322 1142 1387 cervisiam
1162 1341 1220 1405 pro
1235 1320 1427 1385 venditione

286 1403 436 1470 faciendo
450 1406 491 1471 de
505 1411 618 1473 cetero.

329 1492 640 1558 Neuror-Buunwn.
693 1493 745 1558 De
768 1493 1008 1560 communitate
1033 1494 1122 1558 villae
1147 1515 1205 1578 pro
1231 1515 1277 1557 xx
1301 1492 1429 1556 threvis

285 1577 430 1661 pisorum
451 1579 494 1643 od
514 1579 696 1646 veleneiem
718 1580 741 1664 ij
765 1589 868 1664 quart.
892 1587 926 1646 et
952 1582 993 1646 di
1021 1580 1186 1666 Rnnulphi
1208 1581 1249 1645 de
1274 1581 1429 1644 Brontoft

285 1663 408 1748 depoet’
422 1686 480 1750 per
494 1667 601 1731 averia
623 1687 733 1732 eorum
755 1674 851 1752 prout
873 1674 1071 1753 compertum
1087 1675 1135 1732 eet
1156 1688 1214 1752 per
1231 1667 1303 1751 jur'‚
1320 1666 1427 1730 od.-

285 1752 309 1816 J
310 1752 453 1818 ohannes
468 1753 555 1818 filius
570 1753 671 1818 Alani
684 1755 775 1818 venit
790 1760 823 1819 et
838 1755 924 1838 oepit
938 1775 1041 1818 unum
1056 1755 1217 1838 eotegium
1232 1761 1264 1818 et
1277 1754 1310 1836 vj
1336 1773 1428 1816 aeras

284 1844 378 1904 terroe
392 1840 508 1905 ultimo
531 1841 566 1905 in
588 1848 703 1906 tenura
726 1841 855 1906 ceciliae
877 1841 917 1905 de
938 1841 1071 1906 Neuton
1092 1841 1268 1905 deffunoti:
1289 1839 1429 1903 hebend’

284 1929 319 1989 et
332 1926 461 1992 tenend’
477 1927 519 1991 ad
533 1934 624 1994 term.
639 1928 717 1992 vitae
731 1947 798 1992 suae
819 1927 856 1990 in
877 1948 954 1992 eaeu
969 1927 1056 2012 quod
1072 1927 1141 2011 [oio]
1156 1928 1179 1992 J
1181 1926 1322 1991 ohannes
1339 1926 1429 1990 filius

284 2012 309 2076 J
310 2011 447 2078 ohannis
469 2016 492 2079 J
494 2014 595 2079 ekeon
616 2014 709 2078 finire
730 2014 871 2078 noluerit
891 2034 951 2079 neo
973 2035 1096 2078 morere
1117 2034 1213 2098 super
1237 2013 1428 2097 predictam

285 2103 403 2163 terram
424 2099 506 2164 eitra
527 2100 647 2165 foetum
669 2101 699 2165 S.
724 2099 913 2164 Michaelis:
942 2101 1029 2166 redd
1052 2121 1083 2185 p.
1106 2121 1133 2164 e.
1155 2105 1251 2186 prout
1272 2099 1430 2183 praedicta

286 2183 408 2249 Gecilio
417 2187 508 2268 prius
519 2186 660 2250 reddidit
671 2192 704 2252 et
715 2187 812 2252 feeit:
834 2187 878 2251 Et
886 2188 1054 2252 sciendum
1063 2187 1150 2271 quod
1161 2187 1248 2251 idem
1258 2187 1281 2251 J
1283 2187 1429 2250 ohannes

285 2270 372 2335 filius
398 2271 497 2336 Alani
521 2271 679 2357 invenitj
704 2294 811 2338 acrum
832 2278 866 2338 et
887 2274 930 2340 di.
952 2274 1050 2338 unius
1076 2293 1211 2338 arrurae:
1239 2272 1428 2355 incipiendo

285 2357 409 2422 solvero
423 2359 465 2422 ed
479 2359 600 2422 festum
614 2360 705 2424 Pent.
721 2381 806 2425 anno
821 2360 906 2444 lxxj⁰
922 2361 1009 2445 Pleg.
1024 2398 1038 2409 -
1053 2397 1066 2410 -
1081 2361 1125 2424 Et
1139 2360 1196 2424 dat
1209 2380 1267 2445 pro
1281 2360 1429 2444 gres'm’a

287 2449 330 2508 de.
349 2445 398 2510 ed
445 2445 476 2528 [“
485 2445 638 2510 Gres’m’a
651 2447 687 2510 in
700 2453 850 2531 respectu
858 2447 875 2473 ''
889 2449 927 2511 io
942 2448 991 2510 ido
1005 2447 1156 2530 murum]

330 2531 477 2596 Gomon.
520 2533 572 2597 De
587 2533 724 2598 Boberto
747 2534 855 2598 Fauks
871 2533 948 2618 quie
962 2555 1065 2618 equus
1081 2553 1159 2599 suus
1172 2533 1306 2597 introvit
1322 2533 1429 2616 stipu-

284 2617 355 2682 lum
380 2618 516 2683 Domini
532 2657 544 2667 -
560 2657 573 2668 -
590 2620 874 2686 od-Johannes
900 2621 1012 2686 Pulter
1034 2621 1126 2686 venit
1151 2627 1185 2684 et
1210 2619 1297 2703 oepit
1321 2641 1428 2683 unum

284 2706 447 2790 ootegium
461 2710 494 2772 et
508 2706 544 2770 ix
558 2727 647 2772 aerae
661 2712 754 2771 terrae
768 2706 886 2773 ultimo
907 2708 943 2771 in
956 2713 1072 2773 tenura
1087 2712 1121 2772 et
1142 2707 1294 2790 oapoione
1309 2706 1429 2771 Aliciae

284 2794 448 2875 quondum
463 2793 572 2858 uxoris
587 2793 732 2876 praedioti
747 2794 769 2859 J
771 2792 926 2858 ohannis:
948 2793 1084 2858 hebend'
1099 2799 1134 2858 et
1147 2794 1212 2857 ten’
1228 2793 1269 2856 ed
1292 2794 1323 2877 [“
1333 2799 1426 2858 term.

283 2879 361 2944 vitoe
380 2881 472 2945 suae’'
487 2883 592 2944 struck
605 2887 667 2958 out,
683 2881 911 2945 “voluntatem
931 2880 1067 2945 Domini
1075 2881 1092 2907 ”
1114 2880 1316 2964 tuoruum:
1336 2879 1427 2944 redd

284 2972 317 3029 et
331 2966 477 3031 faciendo
493 2968 528 3031 in
543 2967 693 3031 omnibus
708 2973 805 3050 prout
815 2967 887 3050 ipse
900 2966 1008 3032 Alieia
1021 2967 1112 3050 prius
1125 2966 1267 3030 reddidit
1281 2972 1315 3030 et
1329 2966 1427 3030 fecit:

282 3051 467 3223 indidi
479 3053 1014 3224 {itittdidssitttti
1028 3052 1426 3224 diffunditu

284 3224 324 3288 de
339 3225 430 3288 firma
444 3225 541 3309 primi
555 3227 641 3290 anni
685 3227 730 3291 Et
750 3226 918 3292 sciendum
933 3226 1019 3310 quod
1039 3227 1166 3292 invenit
1187 3227 1210 3310 ij
1227 3246 1316 3290 acras
1338 3227 1426 3290 binae

283 3330 401 3374 errurae
424 3331 505 3393 ques
531 3311 577 3375 eie
600 3312 983 3378 dimittet—iohannes
1006 3313 1144 3377 Wodroi
1163 3313 1255 3378 venit
1278 3318 1312 3377 et
1337 3313 1427 3396 oepit

282 3417 387 3459 unum
411 3396 583 3480 omagium,
608 3399 641 3481 vj
667 3419 755 3463 aoros
780 3404 873 3464 terrae
896 3405 929 3464 et
954 3420 1054 3464 unum
1080 3399 1218 3464 salinum
1241 3398 1360 3463 ultimo
1385 3400 1423 3462 in

281 3489 398 3548 tenure
417 3484 440 3548 J
442 3482 578 3548 ohannis
599 3484 661 3548 filii
683 3485 833 3550 Roberti:
855 3485 992 3552 hebend’
1014 3491 1048 3551 et
1068 3486 1133 3550 ton'
1155 3486 1197 3550 ed
1218 3485 1423 3549 voluntatem

281 3570 434 3636 Domini:
464 3570 552 3635 redd.
574 3591 633 3654 pro
656 3573 780 3656 ootegio
802 3579 835 3636 et
856 3577 942 3637 terro
963 3573 1132 3656 antiquam
1155 3573 1282 3636 firmem
1304 3577 1338 3636 et
1363 3592 1423 3655 pro

282 3659 386 3724 selino
403 3658 417 3743 j
435 3658 633 3742 quarterium
654 3658 751 3723 selis:
772 3659 956 3742 incipiendo
978 3659 1101 3724 solvere
1123 3659 1164 3723 ad
1186 3658 1306 3723 festum
1328 3658 1423 3723 Pent

281 3766 367 3812 anno
392 3745 528 3811 Domini
551 3751 610 3811 eto.
635 3745 728 3830 lxxj0.
786 3745 830 3810 Et
858 3746 1049 3828 praedictum
1075 3745 1236 3829 ootagium
1254 3745 1425 3827 'reparabit

282 3833 484 3900 sufficienter.
529 3834 573 3897 Et
597 3833 700 3898 eciem
725 3833 812 3917 oepit
837 3831 872 3916 iij
899 3852 988 3898 eorus
1012 3831 1066 3897 del
1092 3831 1222 3896 Ooilflut
1246 3830 1363 3895 ultimo
1385 3830 1424 3894 in

281 3924 398 3983 tenura
413 3920 554 3984 Gilberti
569 3919 629 3984 filii
643 3922 666 3986 J
668 3920 821 3984 ohannis:
843 3918 981 3984 hebend’
996 3919 1037 3983 ed
1052 3918 1254 3982 voluntatem
1268 3916 1424 3980 Domini:

281 4004 368 4068 redd.
383 4024 414 4087 p.
430 4025 456 4068 e.
472 4025 529 4087 pro
544 4027 618 4070 ecre
635 4007 723 4072 10d.:
745 4005 931 4090 incipiendo
952 4005 1077 4071 solvere
1098 4005 1237 4070 termino
1258 4004 1422 4087 praedieto.

281 4091 326 4154 Et
351 4091 381 4154 si
402 4090 574 4171 praedictus
596 4093 619 4156 J
620 4092 762 4157 ohannes
787 4093 927 4157 seminet
951 4113 1062 4157 semen
1082 4090 1214 4156 vernale
1235 4090 1341 4155 solvet
1362 4110 1423 4174 pro

282 4176 465 4261 quantitate
480 4176 645 4240 seminate.
689 4178 820 4264 Plegiue
835 4179 1001 4243 Gilbertus
1016 4178 1103 4242 filius
1118 4176 1288 4244 iohannis.

325 4264 421 4327 Hru'r
435 4278 471 4326 ΙΝ
487 4262 581 4326 Semi.
624 4262 809 4330 Willelmue
831 4265 949 4348 Smyth
970 4266 1011 4330 de
1030 4266 1116 4329 Hett
1134 4264 1227 4328 venit
1241 4269 1275 4327 et
1297 4263 1383 4346 oepit
1398 4285 1423 4328 v

280 4371 369 4416 aeres
383 4351 420 4414 in
434 4349 576 4413 Brunsid
591 4347 706 4414 uitimo
720 4352 756 4415 in
772 4357 887 4417 tenure
897 4351 1029 4416 Thomae
1040 4351 1220 4416 iudowson
1235 4350 1276 4414 de
1285 4350 1370 4414 Hett
1385 4356 1421 4414 et

278 4439 302 4522 ij
320 4458 407 4504 aeras
422 4437 584 4521 quondum
599 4437 634 4500 in
648 4442 763 4503 tenure
777 4439 905 4502 Thomae
920 4438 1036 4504 Fisohe
1046 4439 1144 4522 juxto
1164 4437 1272 4502 fosset'
1288 4436 1422 4500 Rieardi

279 4526 459 4609 Feyrmon:
482 4522 618 4590 habend'
640 4525 706 4590 ten'
725 4525 767 4589 ed
781 4525 982 4590 voluntatem
1001 4525 1154 4590 Domini:
1171 4523 1257 4588 redd.
1272 4543 1330 4608 pro
1344 4543 1420 4588 aera
